@article{hu2019brief,
 author = {Hu, Jiang and Liu, Xin and Wen, Zaiwen and Yuan, Yaxiang},
 journal = {ArXiv preprint},
 title = {A Brief Introduction to Manifold Optimization},
 volume = {abs/1906.05450},
 year = {2019}
}

@inproceedings{amos2017optnet,
 author = {Brandon Amos and
J. Zico Kolter},
 bibsource = {dblp computer science bibliography, https://dblp.org},
 booktitle = {ICML},
 pages = {136--145},
 timestamp = {Wed, 03 Apr 2019 01:00:00 +0200},
 title = {OptNet: Differentiable Optimization as a Layer in Neural Networks},
 volume = {70},
 year = {2017}
}

@inproceedings{agrawal2019differentiable,
 author = {Akshay Agrawal and
Brandon Amos and
Shane T. Barratt and
Stephen P. Boyd and
Steven Diamond and
J. Zico Kolter},
 bibsource = {dblp computer science bibliography, https://dblp.org},
 booktitle = {NeurIPS},
 pages = {9558--9570},
 timestamp = {Thu, 21 Jan 2021 00:00:00 +0100},
 title = {Differentiable Convex Optimization Layers},
 year = {2019}
}

@phdthesis{amos2019differentiable,
 author = {Brandon Amos},
 school = {Carnegie Mellon University},
 title = {{Differentiable Optimization-Based Modeling for Machine Learning}},
 year = {2019}
}

@article{ring2012optimization,
 author = {Ring, Wolfgang and Wirth, Benedikt},
 journal = {SIAM Journal on Optimization},
 number = {2},
 pages = {596--627},
 publisher = {SIAM},
 title = {Optimization methods on Riemannian manifolds and their application to shape space},
 volume = {22},
 year = {2012}
}

@inproceedings{rudi2018manifold,
 author = {Alessandro Rudi and
Carlo Ciliberto and
Gian Maria Marconi and
Lorenzo Rosasco},
 bibsource = {dblp computer science bibliography, https://dblp.org},
 booktitle = {NeurIPS},
 pages = {5615--5626},
 timestamp = {Thu, 21 Jan 2021 00:00:00 +0100},
 title = {Manifold Structured Prediction},
 year = {2018}
}

@article{bonalli2019trajectory,
 author = {Bonalli, Riccardo and Bylard, Andrew and Cauligi, Abhishek and Lew, Thomas and Pavone, Marco},
 journal = {ArXiv preprint},
 title = {Trajectory optimization on manifolds: A theoretically-guaranteed embedded sequential convex programming approach},
 volume = {abs/1905.07654},
 year = {2019}
}

@inproceedings{amos2018dmpc,
 author = {Brandon Amos and
Ivan Dario Jimenez Rodriguez and
Jacob Sacks and
Byron Boots and
J. Zico Kolter},
 bibsource = {dblp computer science bibliography, https://dblp.org},
 booktitle = {NeurIPS},
 pages = {8299--8310},
 timestamp = {Thu, 21 Jan 2021 00:00:00 +0100},
 title = {Differentiable {MPC} for End-to-end Planning and Control},
 year = {2018}
}

@inproceedings{amos2019dcem,
 author = {Brandon Amos and
Denis Yarats},
 bibsource = {dblp computer science bibliography, https://dblp.org},
 booktitle = {ICML},
 pages = {291--302},
 timestamp = {Tue, 15 Dec 2020 00:00:00 +0100},
 title = {The Differentiable Cross-Entropy Method},
 volume = {119},
 year = {2020}
}

@inproceedings{rezende2020normalizing,
 author = {Danilo Jimenez Rezende and
George Papamakarios and
S{\'{e}}bastien Racani{\`{e}}re and
Michael S. Albergo and
Gurtej Kanwar and
Phiala E. Shanahan and
Kyle Cranmer},
 bibsource = {dblp computer science bibliography, https://dblp.org},
 booktitle = {ICML},
 pages = {8083--8092},
 title = {Normalizing Flows on Tori and Spheres},
 volume = {119},
 year = {2020}
}

@inproceedings{gulcehre2018hyperbolic,
 author = {{\c{C}}aglar G{\"{u}}l{\c{c}}ehre and
Misha Denil and
Mateusz Malinowski and
Ali Razavi and
Razvan Pascanu and
Karl Moritz Hermann and
Peter W. Battaglia and
Victor Bapst and
David Raposo and
Adam Santoro and
Nando de Freitas},
 bibsource = {dblp computer science bibliography, https://dblp.org},
 booktitle = {ICLR},
 timestamp = {Thu, 25 Jul 2019 01:00:00 +0200},
 title = {Hyperbolic Attention Networks},
 year = {2019}
}

@inproceedings{nickel2017poincare,
 author = {Maximilian Nickel and
Douwe Kiela},
 bibsource = {dblp computer science bibliography, https://dblp.org},
 booktitle = {NeurIPS},
 pages = {6338--6347},
 timestamp = {Thu, 21 Jan 2021 00:00:00 +0100},
 title = {Poincar{\'{e}} Embeddings for Learning Hierarchical Representations},
 year = {2017}
}

@inproceedings{levine2012continuous,
 author = {Sergey Levine and
Vladlen Koltun},
 bibsource = {dblp computer science bibliography, https://dblp.org},
 booktitle = {ICML},
 timestamp = {Wed, 03 Apr 2019 01:00:00 +0200},
 title = {Continuous Inverse Optimal Control with Locally Optimal Examples},
 year = {2012}
}

@article{agrawal2019differentiating,
 author = {Agrawal, Akshay and Barratt, Shane and Boyd, Stephen and Busseti, Enzo and Moursi, Walaa M},
 journal = {ArXiv preprint},
 title = {Differentiating through a conic program},
 volume = {abs/1904.09043},
 year = {2019}
}

@inproceedings{jaderberg2017decoupled,
 author = {Max Jaderberg and
Wojciech Marian Czarnecki and
Simon Osindero and
Oriol Vinyals and
Alex Graves and
David Silver and
Koray Kavukcuoglu},
 bibsource = {dblp computer science bibliography, https://dblp.org},
 booktitle = {ICML},
 pages = {1627--1635},
 timestamp = {Wed, 03 Apr 2019 01:00:00 +0200},
 title = {Decoupled Neural Interfaces using Synthetic Gradients},
 volume = {70},
 year = {2017}
}

@inproceedings{hafner2018planet,
 author = {Danijar Hafner and
Timothy P. Lillicrap and
Ian Fischer and
Ruben Villegas and
David Ha and
Honglak Lee and
James Davidson},
 bibsource = {dblp computer science bibliography, https://dblp.org},
 booktitle = {ICML},
 pages = {2555--2565},
 timestamp = {Tue, 11 Jun 2019 01:00:00 +0200},
 title = {Learning Latent Dynamics for Planning from Pixels},
 volume = {97},
 year = {2019}
}

@inproceedings{hafner2019dream,
 author = {Danijar Hafner and
Timothy P. Lillicrap and
Jimmy Ba and
Mohammad Norouzi},
 bibsource = {dblp computer science bibliography, https://dblp.org},
 booktitle = {ICLR},
 timestamp = {Thu, 07 May 2020 01:00:00 +0200},
 title = {Dream to Control: Learning Behaviors by Latent Imagination},
 year = {2020}
}

@article{pomerleau1991efficient,
 author = {Pomerleau, Dean A},
 journal = {Neural Computation},
 title = {Efficient training of artificial neural networks for autonomous navigation},
 year = {1991}
}

@inproceedings{ross2011reduction,
 author = {Ross, St{\'e}phane and Gordon, Geoffrey and Bagnell, Drew},
 booktitle = {AISTATS},
 title = {A reduction of imitation learning and structured prediction to no-regret online learning},
 year = {2011}
}

@inproceedings{bonilla2008multi,
 author = {Edwin V. Bonilla and
Kian Ming Adam Chai and
Christopher K. I. Williams},
 bibsource = {dblp computer science bibliography, https://dblp.org},
 booktitle = {NeurIPS},
 pages = {153--160},
 publisher = {Curran Associates, Inc.},
 timestamp = {Thu, 21 Jan 2021 00:00:00 +0100},
 title = {Multi-task Gaussian Process Prediction},
 year = {2007}
}

@inproceedings{ho2016gail,
 author = {Jonathan Ho and
Stefano Ermon},
 bibsource = {dblp computer science bibliography, https://dblp.org},
 booktitle = {NeurIPS},
 pages = {4565--4573},
 timestamp = {Thu, 21 Jan 2021 00:00:00 +0100},
 title = {Generative Adversarial Imitation Learning},
 year = {2016}
}

@article{deisenroth2013gaussian,
 author = {Deisenroth, Marc Peter and Fox, Dieter and Rasmussen, Carl Edward},
 journal = {IEEE transactions on pattern analysis and machine intelligence},
 number = {2},
 pages = {408--423},
 publisher = {IEEE},
 title = {Gaussian processes for data-efficient learning in robotics and control},
 volume = {37},
 year = {2013}
}

@inproceedings{liu2018imitation,
 author = {Liu, YuXuan and Gupta, Abhishek and Abbeel, Pieter and Levine, Sergey},
 booktitle = {IEEE International Conference on Robotics and Automation (ICRA)},
 organization = {IEEE},
 pages = {1118--1125},
 title = {Imitation from observation: Learning to imitate behaviors from raw video via context translation},
 year = {2018}
}

@article{torabi2018generative,
 author = {Torabi, Faraz and Warnell, Garrett and Stone, Peter},
 journal = {ArXiv preprint},
 title = {Generative adversarial imitation from observation},
 volume = {abs/1807.06158},
 year = {2018}
}

@article{melo2001convergence,
 author = {Melo, Francisco S},
 journal = {CoRR},
 title = {Convergence of Q-learning: A simple proof},
 year = {2001}
}

@inproceedings{torabi2018behavioral,
 author = {Faraz Torabi and
Garrett Warnell and
Peter Stone},
 bibsource = {dblp computer science bibliography, https://dblp.org},
 booktitle = {IJCAI},
 doi = {10.24963/ijcai.2018/687},
 pages = {4950--4957},
 timestamp = {Tue, 20 Aug 2019 01:00:00 +0200},
 title = {Behavioral Cloning from Observation},
 year = {2018}
}

@inproceedings{burda2018large,
 author = {Yuri Burda and
Harrison Edwards and
Deepak Pathak and
Amos J. Storkey and
Trevor Darrell and
Alexei A. Efros},
 bibsource = {dblp computer science bibliography, https://dblp.org},
 booktitle = {ICLR},
 timestamp = {Thu, 25 Jul 2019 01:00:00 +0200},
 title = {Large-Scale Study of Curiosity-Driven Learning},
 year = {2019}
}

@inproceedings{lee2019slac,
 author = {Alex X. Lee and
Anusha Nagabandi and
Pieter Abbeel and
Sergey Levine},
 bibsource = {dblp computer science bibliography, https://dblp.org},
 booktitle = {NeurIPS},
 timestamp = {Tue, 19 Jan 2021 00:00:00 +0100},
 title = {Stochastic Latent Actor-Critic: Deep Reinforcement Learning with a
Latent Variable Model},
 year = {2020}
}

@article{tassa2018dmcontrol,
 author = {Tassa, Yuval and Doron, Yotam and Muldal, Alistair and Erez, Tom and Li, Yazhe and Casas, Diego de Las and Budden, David and Abdolmaleki, Abbas and Merel, Josh and Lefrancq, Andrew and others},
 journal = {ArXiv preprint},
 title = {Deepmind control suite},
 volume = {abs/1801.00690},
 year = {2018}
}

@article{wang2019benchmarkingmbrl,
 author = {{Wang}, T. and {Bao}, X. and {Clavera}, I. and {Hoang}, J. and {Wen}, Y. and {Langlois}, E. and {Zhang}, S. and {Zhang}, G. and {Abbeel}, P. and {Ba}, J.},
 journal = {arXiv e-prints},
 title = {Benchmarking Model-Based Reinforcement Learning},
 year = {2019}
}

@inproceedings{jaderberg2016unreal,
 author = {Max Jaderberg and
Volodymyr Mnih and
Wojciech Marian Czarnecki and
Tom Schaul and
Joel Z. Leibo and
David Silver and
Koray Kavukcuoglu},
 bibsource = {dblp computer science bibliography, https://dblp.org},
 booktitle = {ICLR},
 timestamp = {Thu, 04 Apr 2019 01:00:00 +0200},
 title = {Reinforcement Learning with Unsupervised Auxiliary Tasks},
 year = {2017}
}

@article{mnih2013dqn,
 author = {Volodymyr Mnih and Koray Kavukcuoglu and David Silver and Alex Graves and Ioannis Antonoglou and Daan Wierstra and Martin Riedmiller},
 journal = {arXiv e-prints},
 title = {Playing Atari With Deep Reinforcement Learning},
 year = {2013}
}

@inproceedings{gelada2019deepmdp,
 author = {Carles Gelada and
Saurabh Kumar and
Jacob Buckman and
Ofir Nachum and
Marc G. Bellemare},
 bibsource = {dblp computer science bibliography, https://dblp.org},
 booktitle = {ICML},
 pages = {2170--2179},
 timestamp = {Tue, 11 Jun 2019 01:00:00 +0200},
 title = {DeepMDP: Learning Continuous Latent Space Models for Representation
Learning},
 volume = {97},
 year = {2019}
}

@article{haarnoja2018soft,
 author = {Haarnoja, Tuomas and Zhou, Aurick and Hartikainen, Kristian and Tucker, George and Ha, Sehoon and Tan, Jie and Kumar, Vikash and Zhu, Henry and Gupta, Abhishek and Abbeel, Pieter and others},
 journal = {ArXiv preprint},
 title = {Soft actor-critic algorithms and applications},
 volume = {abs/1812.05905},
 year = {2018}
}

@inproceedings{henderson2017rlmatters,
 author = {Peter Henderson and
Riashat Islam and
Philip Bachman and
Joelle Pineau and
Doina Precup and
David Meger},
 bibsource = {dblp computer science bibliography, https://dblp.org},
 booktitle = {AAAI},
 pages = {3207--3214},
 timestamp = {Mon, 22 Oct 2018 01:00:00 +0200},
 title = {Deep Reinforcement Learning That Matters},
 year = {2018}
}

@article{agarwal2019simplicity,
 author = {Agarwal, Rishabh and Schuurmans, Dale and Norouzi, Mohammad},
 journal = {arXiv e-prints},
 title = {Striving for Simplicity in Off-policy Deep Reinforcement Learning},
 year = {2019}
}

@inproceedings{barth-maron2018d4pg,
 author = {Gabriel Barth-Maron and Matthew W. Hoffman and David Budden and Will Dabney and Dan Horgan and Dhruva TB and Alistair Muldal and Nicolas Heess and Timothy Lillicrap},
 booktitle = {ICLR},
 title = {Distributional Policy Gradients},
 year = {2018}
}

@inproceedings{fujimoto2018td3,
 author = {Scott Fujimoto and
Herke van Hoof and
David Meger},
 bibsource = {dblp computer science bibliography, https://dblp.org},
 booktitle = {ICML},
 pages = {1582--1591},
 timestamp = {Wed, 03 Apr 2019 01:00:00 +0200},
 title = {Addressing Function Approximation Error in Actor-Critic Methods},
 volume = {80},
 year = {2018}
}

@inproceedings{ha2018worldmodels,
 author = {David Ha and
J{\"{u}}rgen Schmidhuber},
 bibsource = {dblp computer science bibliography, https://dblp.org},
 booktitle = {NeurIPS},
 pages = {2455--2467},
 timestamp = {Thu, 21 Jan 2021 00:00:00 +0100},
 title = {Recurrent World Models Facilitate Policy Evolution},
 year = {2018}
}

@inproceedings{lange10deepaeinrl,
 author = {Lange, Sascha and Riedmiller, Martin A.},
 booktitle = {IJCNN},
 title = {Deep auto-encoder neural networks in reinforcement learning},
 year = {2010}
}

@article{finn2015deepspatialae,
 author = {Chelsea Finn and Xin Yu Tan and Yan Duan and Trevor Darrell and Sergey Levine and Pieter Abbeel},
 journal = {CoRR},
 title = {Learning Visual Feature Spaces for Robotic Manipulation with Deep Spatial Autoencoders},
 year = {2015}
}

@inproceedings{chua2018deep,
 author = {Kurtland Chua and
Roberto Calandra and
Rowan McAllister and
Sergey Levine},
 bibsource = {dblp computer science bibliography, https://dblp.org},
 booktitle = {NeurIPS},
 pages = {4759--4770},
 timestamp = {Thu, 21 Jan 2021 00:00:00 +0100},
 title = {Deep Reinforcement Learning in a Handful of Trials using Probabilistic
Dynamics Models},
 year = {2018}
}

@inproceedings{todorov2012mujoco,
 author = {Todorov, Emanuel and Erez, Tom and Tassa, Yuval},
 booktitle = {IEEE/RSJ International Conference on Intelligent Robots and Systems},
 title = {Mujoco: A physics engine for model-based control},
 year = {2012}
}

@article{zhang2018solar,
 author = {Zhang, Marvin and Vikram, Sharad and Smith, Laura and Abbeel, Pieter and Johnson, Matthew J and Levine, Sergey},
 journal = {ArXiv preprint},
 title = {Solar: Deep structured latent representations for model-based reinforcement learning},
 volume = {abs/1808.09105},
 year = {2018}
}

@article{paszke2017pytorch,
 author = {Paszke, Adam and Gross, Sam and Chintala, Soumith and Chanan, Gregory and Yang, Edward and DeVito, Zachary and Lin, Zeming and Desmaison, Alban and Antiga, Luca and Lerer, Adam},
 journal = {arXiv e-prints},
 title = {Automatic differentiation in pytorch},
 year = {2017}
}

@inproceedings{xiao2018deltainit,
 author = {Lechao Xiao and
Yasaman Bahri and
Jascha Sohl{-}Dickstein and
Samuel S. Schoenholz and
Jeffrey Pennington},
 bibsource = {dblp computer science bibliography, https://dblp.org},
 booktitle = {ICML},
 pages = {5389--5398},
 timestamp = {Wed, 03 Apr 2019 01:00:00 +0200},
 title = {Dynamical Isometry and a Mean Field Theory of CNNs: How to Train 10,
000-Layer Vanilla Convolutional Neural Networks},
 volume = {80},
 year = {2018}
}

@inproceedings{saxe2013ortho,
 author = {Andrew M. Saxe and
James L. McClelland and
Surya Ganguli},
 bibsource = {dblp computer science bibliography, https://dblp.org},
 booktitle = {ICLR},
 timestamp = {Fri, 29 Mar 2019 00:00:00 +0100},
 title = {Exact solutions to the nonlinear dynamics of learning in deep linear
neural networks},
 year = {2014}
}

@inproceedings{ghosh2019rae,
 author = {Partha Ghosh and
Mehdi S. M. Sajjadi and
Antonio Vergari and
Michael J. Black and
Bernhard Sch{\"{o}}lkopf},
 bibsource = {dblp computer science bibliography, https://dblp.org},
 booktitle = {ICLR},
 timestamp = {Thu, 07 May 2020 01:00:00 +0200},
 title = {From Variational to Deterministic Autoencoders},
 year = {2020}
}

@article{ba2016layernorm,
 author = {Jimmy Lei Ba and Jamie Ryan Kiros and Geoffrey E. Hinton},
 journal = {arXiv e-prints},
 title = {Layer Normalization},
 year = {2016}
}

@inproceedings{hasselt2015doubledqn,
 author = {Hado van Hasselt and
Arthur Guez and
David Silver},
 bibsource = {dblp computer science bibliography, https://dblp.org},
 booktitle = {AAAI},
 pages = {2094--2100},
 timestamp = {Thu, 21 Apr 2016 01:00:00 +0200},
 title = {Deep Reinforcement Learning with Double Q-Learning},
 year = {2016}
}

@inproceedings{kingma2018glow,
 author = {Diederik P. Kingma and
Prafulla Dhariwal},
 bibsource = {dblp computer science bibliography, https://dblp.org},
 booktitle = {NeurIPS},
 pages = {10236--10245},
 timestamp = {Thu, 21 Jan 2021 00:00:00 +0100},
 title = {Glow: Generative Flow with Invertible 1x1 Convolutions},
 year = {2018}
}

@inproceedings{higgins2017betavae,
 author = {Irina Higgins and
Lo{\"{\i}}c Matthey and
Arka Pal and
Christopher Burgess and
Xavier Glorot and
Matthew Botvinick and
Shakir Mohamed and
Alexander Lerchner},
 bibsource = {dblp computer science bibliography, https://dblp.org},
 booktitle = {ICLR},
 timestamp = {Thu, 25 Jul 2019 01:00:00 +0200},
 title = {beta-VAE: Learning Basic Visual Concepts with a Constrained Variational
Framework},
 year = {2017}
}

@inproceedings{kingma2013auto,
 author = {Diederik P. Kingma and
Max Welling},
 bibsource = {dblp computer science bibliography, https://dblp.org},
 booktitle = {ICLR},
 timestamp = {Fri, 29 Mar 2019 00:00:00 +0100},
 title = {Auto-Encoding Variational Bayes},
 year = {2014}
}

@inproceedings{ziebart2008maxent,
 author = {Ziebart, Brian D. and Maas, Andrew and Bagnell, J. Andrew and Dey, Anind K.},
 booktitle = {National Conference on Artificial Intelligence},
 title = {Maximum Entropy Inverse Reinforcement Learning},
 year = {2008}
}

@article{kaelbling1998planning,
 author = {Kaelbling, Leslie Pack and Littman, Michael L and Cassandra, Anthony R},
 journal = {Artificial intelligence},
 title = {Planning and acting in partially observable stochastic domains},
 year = {1998}
}

@article{shelhamer16selfsuperrl,
 author = {Evan Shelhamer and Parsa Mahmoudieh and Max Argus and Trevor Darrell},
 journal = {CoRR},
 title = {Loss is its own Reward: Self-Supervision for Reinforcement Learning},
 year = {2016}
}

@inproceedings{munk2016mlddpg,
 author = {J. Munk and Jens Kober and Robert Babuska},
 booktitle = {IEEE Conference on Decision and Control (CDC)},
 title = {Learning state representation for deep actor-critic control},
 year = {2016}
}

@article{zhang2018ddr,
 author = {Amy Zhang and Harsh Satija and Joelle Pineau},
 journal = {CoRR},
 title = {Decoupling Dynamics and Reward for Transfer Learning},
 year = {2018}
}

@inproceedings{mattner2012ae,
 author = {Mattner, Jan and Lange, Sascha and Riedmiller, Martin},
 booktitle = {NeurIPS},
 title = {Learn to Swing Up and Balance a Real Pole Based on Raw Visual Input Data},
 year = {2012}
}

@article{bellman1957mdp,
 author = {Richard Bellman},
 journal = {Indiana Univ. Math. J.},
 title = {A Markovian Decision Process},
 year = {1957}
}

@article{bellemare13arcade,
 author = {{Bellemare}, M.~G. and {Naddaf}, Y. and {Veness}, J. and {Bowling}, M.},
 journal = {Journal of Artificial Intelligence Research},
 title = {The Arcade Learning Environment: An Evaluation Platform for General Agents},
 year = {2013}
}

@inproceedings{doerr2018probrss,
 author = {Andreas Doerr and
Christian Daniel and
Martin Schiegg and
Duy Nguyen{-}Tuong and
Stefan Schaal and
Marc Toussaint and
Sebastian Trimpe},
 bibsource = {dblp computer science bibliography, https://dblp.org},
 booktitle = {ICML},
 pages = {1279--1288},
 timestamp = {Wed, 03 Apr 2019 01:00:00 +0200},
 title = {Probabilistic Recurrent State-Space Models},
 volume = {80},
 year = {2018}
}

@article{hausknecht2015rnnqlearning,
 author = {Matthew J. Hausknecht and Peter Stone},
 journal = {CoRR},
 title = {Deep Recurrent Q-Learning for Partially Observable MDPs},
 year = {2015}
}

@inproceedings{nair2018visual,
 author = {Ashvin Nair and
Vitchyr Pong and
Murtaza Dalal and
Shikhar Bahl and
Steven Lin and
Sergey Levine},
 bibsource = {dblp computer science bibliography, https://dblp.org},
 booktitle = {NeurIPS},
 pages = {9209--9220},
 timestamp = {Thu, 21 Jan 2021 00:00:00 +0100},
 title = {Visual Reinforcement Learning with Imagined Goals},
 year = {2018}
}

@inproceedings{higgins2017darla,
 author = {Irina Higgins and
Arka Pal and
Andrei A. Rusu and
Lo{\"{\i}}c Matthey and
Christopher Burgess and
Alexander Pritzel and
Matthew Botvinick and
Charles Blundell and
Alexander Lerchner},
 bibsource = {dblp computer science bibliography, https://dblp.org},
 booktitle = {ICML},
 pages = {1480--1490},
 timestamp = {Wed, 03 Apr 2019 01:00:00 +0200},
 title = {{DARLA:} Improving Zero-Shot Transfer in Reinforcement Learning},
 volume = {70},
 year = {2017}
}

@article{dwibedi2018visrepr,
 author = {Debidatta Dwibedi and Jonathan Tompson and Corey Lynch and Pierre Sermanet},
 journal = {CoRR},
 title = {Learning Actionable Representations from Visual Observations},
 year = {2018}
}

@article{yarats2019improving,
 author = {Denis Yarats and Amy Zhang and Ilya Kostrikov and  Brandon Amos and Joelle Pineau and Rob Fergus},
 journal = {CoRR},
 title = {Improving Sample Efficiency in Model-Free Reinforcement Learning from Images},
 year = {2019}
}

@inproceedings{fujimoto2018bcq,
 author = {Scott Fujimoto and
David Meger and
Doina Precup},
 bibsource = {dblp computer science bibliography, https://dblp.org},
 booktitle = {ICML},
 pages = {2052--2062},
 timestamp = {Tue, 11 Jun 2019 01:00:00 +0200},
 title = {Off-Policy Deep Reinforcement Learning without Exploration},
 volume = {97},
 year = {2019}
}

@inproceedings{nachum2019dualdice,
 author = {Ofir Nachum and
Yinlam Chow and
Bo Dai and
Lihong Li},
 bibsource = {dblp computer science bibliography, https://dblp.org},
 booktitle = {NeurIPS},
 pages = {2315--2325},
 timestamp = {Thu, 21 Jan 2021 00:00:00 +0100},
 title = {DualDICE: Behavior-Agnostic Estimation of Discounted Stationary Distribution
Corrections},
 year = {2019}
}

@inproceedings{kumark2019bear,
 author = {Aviral Kumar and
Justin Fu and
Matthew Soh and
George Tucker and
Sergey Levine},
 bibsource = {dblp computer science bibliography, https://dblp.org},
 booktitle = {NeurIPS},
 pages = {11761--11771},
 timestamp = {Thu, 21 Jan 2021 00:00:00 +0100},
 title = {Stabilizing Off-Policy Q-Learning via Bootstrapping Error Reduction},
 year = {2019}
}

@article{jaques2019klcontrol,
 author = {Natasha Jaques and Asma Ghandeharioun and Judy Hanwen Shen and Craig Ferguson and {\`{A}}gata Lapedriza and Noah Jones and Shixiang Gu and Rosalind W. Picard},
 journal = {CoRR},
 title = {Way Off-Policy Batch Deep Reinforcement Learning of Implicit Human Preferences in Dialog},
 year = {2019}
}

@inproceedings{lange2012batchrl,
 author = {Sascha Lange and Thomas Gabel and Martin A. Riedmiller},
 booktitle = {Reinforcement Learning},
 title = {Batch Reinforcement Learning},
 year = {2012}
}

@article{wu2019behavior,
 author = {Wu, Yifan and Tucker, George and Nachum, Ofir},
 journal = {CoRR},
 title = {Behavior Regularized Offline Reinforcement Learning},
 year = {2019}
}

@inproceedings{li2015towardmo,
 author = {Lihong Li and
R{\'{e}}mi Munos and
Csaba Szepesv{\'{a}}ri},
 bibsource = {dblp computer science bibliography, https://dblp.org},
 booktitle = {AISTATS},
 timestamp = {Wed, 29 May 2019 01:00:00 +0200},
 title = {Toward Minimax Off-policy Value Estimation},
 volume = {38},
 year = {2015}
}

@article{li2010contextbandit,
 author = {Lihong Li and Wei Chu and John Langford},
 journal = {CoRR},
 title = {An Unbiased, Data-Driven, Offline Evaluation Method of Contextual Bandit Algorithms},
 year = {2010}
}

@article{murphy2001mmmfordynamic,
 author = {S. A. Murphy and M. J. van der Laan and J. M. Robins and Conduct Problems Prevention Research Group},
 journal = {Journal of the American Statistical Association},
 title = {Marginal Mean Models for Dynamic Regimes},
 year = {2001}
}

@inproceedings{silver2014dpg,
 author = {David Silver and
Guy Lever and
Nicolas Heess and
Thomas Degris and
Daan Wierstra and
Martin A. Riedmiller},
 bibsource = {dblp computer science bibliography, https://dblp.org},
 booktitle = {ICML},
 pages = {387--395},
 timestamp = {Wed, 29 May 2019 01:00:00 +0200},
 title = {Deterministic Policy Gradient Algorithms},
 volume = {32},
 year = {2014}
}

@book{puterman1994mdp,
 author = {Puterman, Martin L.},
 publisher = {John Wiley \& Sons, Inc.},
 title = {Markov Decision Processes: Discrete Stochastic Dynamic Programming},
 year = {1994}
}

@article{peng2019awr,
 author = {Xue Bin Peng and Aviral Kumar and Grace Zhang and Sergey Levine},
 journal = {CoRR},
 title = {Advantage-Weighted Regression: Simple and Scalable Off-Policy Reinforcement Learning},
 year = {2019}
}

@inproceedings{peters2007rwr,
 author = {Jan Peters and Stefan Schaal},
 booktitle = {ICML},
 publisher = {{ACM}},
 title = {Reinforcement learning by reward-weighted regression for operational
space control},
 year = {2007}
}

@inproceedings{peters2010relative,
 author = {Jan Peters and
Katharina M{\"{u}}lling and
Yasemin Altun},
 bibsource = {dblp computer science bibliography, https://dblp.org},
 booktitle = {AAAI},
 timestamp = {Tue, 16 Dec 2014 00:00:00 +0100},
 title = {Relative Entropy Policy Search},
 year = {2010}
}

@article{bhardwaj2019information,
 author = {Bhardwaj, Mohak and Handa, Ankur and Fox, Dieter and Boots, Byron},
 journal = {ArXiv preprint},
 title = {Information Theoretic Model Predictive Q-Learning},
 volume = {abs/2001.02153},
 year = {2020}
}

@inproceedings{feinberg2018model,
 author = {Feinberg, V and Wan, A and Stoica, I and Jordan, MI and Gonzalez, JE and Levine, S},
 booktitle = {ICML},
 year = {2018}
}

@article{dong2019bootstrapping,
 author = {Dong, Kefan and Luo, Yuping and Ma, Tengyu},
 journal = {ArXiv preprint},
 title = {Bootstrapping the expressivity with model-based planning},
 volume = {abs/1910.05927},
 year = {2019}
}

@inproceedings{buckman2018sample,
 author = {Jacob Buckman and
Danijar Hafner and
George Tucker and
Eugene Brevdo and
Honglak Lee},
 bibsource = {dblp computer science bibliography, https://dblp.org},
 booktitle = {NeurIPS},
 pages = {8234--8244},
 timestamp = {Thu, 21 Jan 2021 00:00:00 +0100},
 title = {Sample-Efficient Reinforcement Learning with Stochastic Ensemble Value
Expansion},
 year = {2018}
}

@inproceedings{luo2018algorithmic,
 author = {Yuping Luo and
Huazhe Xu and
Yuanzhi Li and
Yuandong Tian and
Trevor Darrell and
Tengyu Ma},
 bibsource = {dblp computer science bibliography, https://dblp.org},
 booktitle = {ICLR},
 timestamp = {Thu, 25 Jul 2019 01:00:00 +0200},
 title = {Algorithmic Framework for Model-based Deep Reinforcement Learning
with Theoretical Guarantees},
 year = {2019}
}

@inproceedings{janner2019trust,
 author = {Michael Janner and
Justin Fu and
Marvin Zhang and
Sergey Levine},
 bibsource = {dblp computer science bibliography, https://dblp.org},
 booktitle = {NeurIPS},
 pages = {12498--12509},
 timestamp = {Thu, 21 Jan 2021 00:00:00 +0100},
 title = {When to Trust Your Model: Model-Based Policy Optimization},
 year = {2019}
}

@inproceedings{wang2019exploring,
 author = {Tingwu Wang and
Jimmy Ba},
 bibsource = {dblp computer science bibliography, https://dblp.org},
 booktitle = {ICLR},
 timestamp = {Thu, 07 May 2020 01:00:00 +0200},
 title = {Exploring Model-based Planning with Policy Networks},
 year = {2020}
}

@inproceedings{heess2015learning,
 author = {Nicolas Heess and
Gregory Wayne and
David Silver and
Timothy P. Lillicrap and
Tom Erez and
Yuval Tassa},
 bibsource = {dblp computer science bibliography, https://dblp.org},
 booktitle = {NeurIPS},
 pages = {2944--2952},
 timestamp = {Thu, 21 Jan 2021 00:00:00 +0100},
 title = {Learning Continuous Control Policies by Stochastic Value Gradients},
 year = {2015}
}

@inproceedings{ryu2019caql,
 author = {Moonkyung Ryu and
Yinlam Chow and
Ross Anderson and
Christian Tjandraatmadja and
Craig Boutilier},
 bibsource = {dblp computer science bibliography, https://dblp.org},
 booktitle = {ICLR},
 timestamp = {Thu, 07 May 2020 01:00:00 +0200},
 title = {{CAQL:} Continuous Action Q-Learning},
 year = {2020}
}

@inproceedings{lillicrap2015continuous,
 author = {Timothy P. Lillicrap and
Jonathan J. Hunt and
Alexander Pritzel and
Nicolas Heess and
Tom Erez and
Yuval Tassa and
David Silver and
Daan Wierstra},
 booktitle = {ICLR},
 timestamp = {Thu, 25 Jul 2019 01:00:00 +0200},
 title = {Continuous control with deep reinforcement learning},
 year = {2016}
}

@inproceedings{levine2013guided,
 author = {Sergey Levine and
Vladlen Koltun},
 booktitle = {ICML},
 pages = {1--9},
 timestamp = {Wed, 29 May 2019 01:00:00 +0200},
 title = {Guided Policy Search},
 volume = {28},
 year = {2013}
}

@inproceedings{lowrey2018plan,
 author = {Kendall Lowrey and
Aravind Rajeswaran and
Sham M. Kakade and
Emanuel Todorov and
Igor Mordatch},
 booktitle = {ICLR},
 timestamp = {Thu, 25 Jul 2019 01:00:00 +0200},
 title = {Plan Online, Learn Offline: Efficient Learning and Exploration via
Model-Based Control},
 year = {2019}
}

@inproceedings{kolter2019learning,
 author = {J. Zico Kolter and
Gaurav Manek},
 booktitle = {NeurIPS},
 pages = {11126--11134},
 timestamp = {Thu, 21 Jan 2021 00:00:00 +0100},
 title = {Learning Stable Deep Dynamics Models},
 year = {2019}
}

@article{singh2019learning,
 author = {Singh, Sumeet and Richards, Spencer M and Sindhwani, Vikas and Slotine, Jean-Jacques E and Pavone, Marco},
 journal = {ArXiv preprint},
 title = {Learning stabilizable nonlinear dynamics with contraction-based regularization},
 volume = {abs/1907.13122},
 year = {2019}
}

@misc{wiele2020qlearning,
 archiveprefix = {arXiv},
 author = {Tom Van de Wiele and David Warde-Farley and Andriy Mnih and Volodymyr Mnih},
 eprint = {2001.08116},
 primaryclass = {cs.LG},
 title = {Q-Learning in enormous action spaces via amortized approximate maximization},
 year = {2020}
}

@article{pereira2018mpc,
 author = {Pereira, Marcus and Fan, David D and An, Gabriel Nakajima and Theodorou, Evangelos},
 journal = {ArXiv preprint},
 title = {Mpc-inspired neural network policies for sequential decision making},
 volume = {abs/1802.05803},
 year = {2018}
}

@inproceedings{bansal2017goal,
 author = {{Bansal}, S. and Calandra, Roberto and {Xiao}, T. and {Levine}, S. and {Tomlin}, C. J.},
 booktitle = {IEEE Conference on Decision and Control (CDC)},
 keywords = {Computer Science - Systems and Control,Computer Science - Learning},
 pages = {5168--5173},
 title = {Goal-Driven Dynamics Learning via {Bayesian} Optimization},
 year = {2017}
}

@article{okada2017path,
 author = {Okada, Masashi and Rigazio, Luca and Aoshima, Takenobu},
 journal = {ArXiv preprint},
 title = {Path integral networks: End-to-end differentiable optimal control},
 volume = {abs/1706.09597},
 year = {2017}
}

@inproceedings{weber2017imagination,
 author = {S{\'{e}}bastien Racani{\`{e}}re and
Theophane Weber and
David P. Reichert and
Lars Buesing and
Arthur Guez and
Danilo Jimenez Rezende and
Adri{\`{a}} Puigdom{\`{e}}nech Badia and
Oriol Vinyals and
Nicolas Heess and
Yujia Li and
Razvan Pascanu and
Peter W. Battaglia and
Demis Hassabis and
David Silver and
Daan Wierstra},
 booktitle = {NeurIPS},
 pages = {5690--5701},
 timestamp = {Thu, 21 Jan 2021 00:00:00 +0100},
 title = {Imagination-Augmented Agents for Deep Reinforcement Learning},
 year = {2017}
}

@article{pascanu2017learning,
 author = {Pascanu, Razvan and Li, Yujia and Vinyals, Oriol and Heess, Nicolas and Buesing, Lars and Racani{\`e}re, Sebastien and Reichert, David and Weber, Th{\'e}ophane and Wierstra, Daan and Battaglia, Peter},
 journal = {ArXiv preprint},
 title = {Learning model-based planning from scratch},
 volume = {abs/1707.06170},
 year = {2017}
}

@misc{agrawal2019learning,
 archiveprefix = {arXiv},
 author = {Akshay Agrawal and Shane Barratt and Stephen Boyd and Bartolomeo Stellato},
 eprint = {1912.09529},
 primaryclass = {math.OC},
 title = {Learning Convex Optimization Control Policies},
 year = {2019}
}

@article{schrittwieser2019mastering,
 author = {Schrittwieser, Julian and Antonoglou, Ioannis and Hubert, Thomas and Simonyan, Karen and Sifre, Laurent and Schmitt, Simon and Guez, Arthur and Lockhart, Edward and Hassabis, Demis and Graepel, Thore and others},
 journal = {ArXiv preprint},
 title = {Mastering atari, go, chess and shogi by planning with a learned model},
 volume = {abs/1911.08265},
 year = {2019}
}

@article{byravan2019imagined,
 author = {Byravan, Arunkumar and Springenberg, Jost Tobias and Abdolmaleki, Abbas and Hafner, Roland and Neunert, Michael and Lampe, Thomas and Siegel, Noah and Heess, Nicolas and Riedmiller, Martin},
 journal = {ArXiv preprint},
 title = {Imagined Value Gradients: Model-Based Policy Optimization with Transferable Latent Dynamics Models},
 volume = {abs/1910.04142},
 year = {2019}
}

@article{lee1997application,
 author = {Lee, Changhoon and Kim, John and Babcock, David and Goodman, Rodney},
 journal = {Physics of Fluids},
 number = {6},
 pages = {1740--1747},
 publisher = {American Institute of Physics},
 title = {Application of neural networks to turbulence control for drag reduction},
 volume = {9},
 year = {1997}
}

@inproceedings{marino2018iterative,
 author = {Joseph Marino and
Yisong Yue and
Stephan Mandt},
 booktitle = {ICML},
 pages = {3400--3409},
 timestamp = {Wed, 03 Apr 2019 01:00:00 +0200},
 title = {Iterative Amortized Inference},
 volume = {80},
 year = {2018}
}

@inproceedings{kim2018semi,
 author = {Yoon Kim and
Sam Wiseman and
Andrew C. Miller and
David A. Sontag and
Alexander M. Rush},
 booktitle = {ICML},
 pages = {2683--2692},
 timestamp = {Fri, 15 Nov 2019 00:00:00 +0100},
 title = {Semi-Amortized Variational Autoencoders},
 volume = {80},
 year = {2018}
}

@article{hunt2018entropic,
 author = {Hunt, Jonathan J and Barreto, Andre and Lillicrap, Timothy P and Heess, Nicolas},
 journal = {ArXiv preprint},
 title = {Entropic policy composition with generalized policy improvement and divergence correction},
 volume = {abs/1812.02216},
 year = {2018}
}

@article{srinivas2018universal,
 author = {Srinivas, Aravind and Jabri, Allan and Abbeel, Pieter and Levine, Sergey and Finn, Chelsea},
 journal = {ArXiv preprint},
 title = {Universal planning networks},
 volume = {abs/1804.00645},
 year = {2018}
}

@inproceedings{todorov2008general,
 author = {Todorov, Emanuel},
 booktitle = {IEEE Conference on Decision and Control (CDC)},
 organization = {IEEE},
 pages = {4286--4292},
 title = {General duality between optimal control and estimation},
 year = {2008}
}

@article{levine2018reinforcement,
 author = {Levine, Sergey},
 journal = {ArXiv preprint},
 title = {Reinforcement learning and control as probabilistic inference: Tutorial and review},
 volume = {abs/1805.00909},
 year = {2018}
}

@article{ha2018world,
 author = {Ha, David and Schmidhuber, J{\"u}rgen},
 journal = {ArXiv preprint},
 title = {World models},
 volume = {abs/1803.10122},
 year = {2018}
}

@book{duriez2017machine,
 author = {Duriez, Thomas and Brunton, Steven L and Noack, Bernd R},
 publisher = {Springer},
 title = {Machine learning control-taming nonlinear dynamics and turbulence},
 volume = {116},
 year = {2017}
}

@inproceedings{shyam2018model,
 author = {Pranav Shyam and
Wojciech Jaskowski and
Faustino Gomez},
 booktitle = {ICML},
 pages = {5779--5788},
 timestamp = {Tue, 11 Jun 2019 01:00:00 +0200},
 title = {Model-Based Active Exploration},
 volume = {97},
 year = {2019}
}

@inproceedings{pathak2019self,
 author = {Deepak Pathak and
Dhiraj Gandhi and
Abhinav Gupta},
 booktitle = {ICML},
 pages = {5062--5071},
 timestamp = {Tue, 11 Jun 2019 01:00:00 +0200},
 title = {Self-Supervised Exploration via Disagreement},
 volume = {97},
 year = {2019}
}

@phdthesis{amos2019thesis,
 author = {Brandon Amos},
 school = {Carnegie Mellon University},
 title = {{Differentiable Optimization-Based Modeling for Machine Learning}},
 year = {2019}
}

@article{dalal2018safe,
 author = {Dalal, Gal and Dvijotham, Krishnamurthy and Vecerik, Matej and Hester, Todd and Paduraru, Cosmin and Tassa, Yuval},
 journal = {ArXiv preprint},
 title = {Safe exploration in continuous action spaces},
 volume = {abs/1801.08757},
 year = {2018}
}

@inproceedings{koller2018learning,
 author = {Koller, Torsten and Berkenkamp, Felix and Turchetta, Matteo and Krause, Andreas},
 booktitle = {IEEE Conference on Decision and Control (CDC)},
 organization = {IEEE},
 pages = {6059--6066},
 title = {Learning-based model predictive control for safe exploration},
 year = {2018}
}

@inproceedings{chow2018lyapunov,
 author = {Yinlam Chow and
Ofir Nachum and
Edgar A. Du{\'{e}}{\~{n}}ez{-}Guzm{\'{a}}n and
Mohammad Ghavamzadeh},
 booktitle = {NeurIPS},
 pages = {8103--8112},
 timestamp = {Thu, 21 Jan 2021 00:00:00 +0100},
 title = {A Lyapunov-based Approach to Safe Reinforcement Learning},
 year = {2018}
}

@inproceedings{dean2019safely,
 author = {Dean, Sarah and Tu, Stephen and Matni, Nikolai and Recht, Benjamin},
 booktitle = {American Control Conference (ACC)},
 organization = {IEEE},
 pages = {5582--5588},
 title = {Safely learning to control the constrained linear quadratic regulator},
 year = {2019}
}

@article{bohez2019value,
 author = {Bohez, Steven and Abdolmaleki, Abbas and Neunert, Michael and Buchli, Jonas and Heess, Nicolas and Hadsell, Raia},
 journal = {ArXiv preprint},
 title = {Value constrained model-free continuous control},
 volume = {abs/1902.04623},
 year = {2019}
}

@inproceedings{amos2018learning,
 author = {Brandon Amos and
Laurent Dinh and
Serkan Cabi and
Thomas Roth{\"{o}}rl and
Sergio Gomez Colmenarejo and
Alistair Muldal and
Tom Erez and
Yuval Tassa and
Nando de Freitas and
Misha Denil},
 booktitle = {ICLR},
 timestamp = {Thu, 25 Jul 2019 01:00:00 +0200},
 title = {Learning Awareness Models},
 year = {2018}
}

@inproceedings{kurutach2018model,
 author = {Thanard Kurutach and
Ignasi Clavera and
Yan Duan and
Aviv Tamar and
Pieter Abbeel},
 booktitle = {ICLR},
 timestamp = {Thu, 25 Jul 2019 01:00:00 +0200},
 title = {Model-Ensemble Trust-Region Policy Optimization},
 year = {2018}
}

@inproceedings{abdolmaleki2018maximum,
 author = {Abbas Abdolmaleki and
Jost Tobias Springenberg and
Yuval Tassa and
R{\'{e}}mi Munos and
Nicolas Heess and
Martin A. Riedmiller},
 booktitle = {ICLR},
 timestamp = {Thu, 25 Jul 2019 01:00:00 +0200},
 title = {Maximum a Posteriori Policy Optimisation},
 year = {2018}
}

@misc{quade2020explainable,
 archiveprefix = {arXiv},
 author = {Markus Quade and Thomas Isele and Markus Abel},
 eprint = {2001.10056},
 primaryclass = {cs.LG},
 title = {Explainable Machine Learning Control -- robust control and stability analysis},
 year = {2020}
}

@inproceedings{kingma2014adam,
 author = {Diederik P. Kingma and
Jimmy Ba},
 booktitle = {ICLR},
 timestamp = {Thu, 25 Jul 2019 01:00:00 +0200},
 title = {Adam: {A} Method for Stochastic Optimization},
 year = {2015}
}

@inproceedings{tassa2014control,
 author = {Tassa, Yuval and Mansard, Nicolas and Todorov, Emo},
 booktitle = {IEEE International Conference on Robotics and Automation (ICRA)},
 organization = {IEEE},
 pages = {1168--1175},
 title = {Control-limited differential dynamic programming},
 year = {2014}
}

@inproceedings{li2004iterative,
 author = {Li, Weiwei and Todorov, Emanuel},
 booktitle = {ICINCO (1)},
 pages = {222--229},
 title = {Iterative linear quadratic regulator design for nonlinear biological movement systems.},
 year = {2004}
}

@article{de2005tutorial,
 author = {De Boer, Pieter-Tjerk and Kroese, Dirk P and Mannor, Shie and Rubinstein, Reuven Y},
 journal = {Annals of operations research},
 number = {1},
 pages = {19--67},
 publisher = {Springer},
 title = {A tutorial on the cross-entropy method},
 volume = {134},
 year = {2005}
}

@book{sutton2018reinforcement,
 author = {Sutton, Richard S and Barto, Andrew G},
 publisher = {MIT press},
 title = {Reinforcement learning: An introduction},
 year = {2018}
}

@article{watkins1992q,
 author = {Watkins, Christopher JCH and Dayan, Peter},
 journal = {Machine learning},
 number = {3-4},
 pages = {279--292},
 publisher = {Springer},
 title = {Q-learning},
 volume = {8},
 year = {1992}
}

@inproceedings{sharma2020dynamics,
 author = {Sharma, Archit and Gu, Shane and Levine, Sergey and Kumar, Vikash and Hausman, Karol},
 booktitle = {Proceeding of ICLR},
 pages = {26--30},
 title = {Dynamics-Aware Unsupervised Skill Discovery},
 year = {2020}
}

@article{peng2018deepmimic,
 author = {Peng, Xue Bin and Abbeel, Pieter and Levine, Sergey and van de Panne, Michiel},
 journal = {ACM Transactions on Graphics (TOG)},
 number = {4},
 pages = {1--14},
 publisher = {ACM New York, NY, USA},
 title = {Deepmimic: Example-guided deep reinforcement learning of physics-based character skills},
 volume = {37},
 year = {2018}
}

@article{dayan1995helmholtz,
 author = {Dayan, Peter and Hinton, Geoffrey E and Neal, Radford M and Zemel, Richard S},
 journal = {Neural computation},
 number = {5},
 pages = {889--904},
 publisher = {MIT Press},
 title = {The helmholtz machine},
 volume = {7},
 year = {1995}
}

@inproceedings{cremer2018inference,
 author = {Chris Cremer and
Xuechen Li and
David Duvenaud},
 booktitle = {ICML},
 pages = {1086--1094},
 timestamp = {Mon, 22 Jul 2019 01:00:00 +0200},
 title = {Inference Suboptimality in Variational Autoencoders},
 volume = {80},
 year = {2018}
}

@inproceedings{gregor2013deep,
 author = {Karol Gregor and
Ivo Danihelka and
Andriy Mnih and
Charles Blundell and
Daan Wierstra},
 booktitle = {ICML},
 pages = {1242--1250},
 timestamp = {Wed, 29 May 2019 01:00:00 +0200},
 title = {Deep AutoRegressive Networks},
 volume = {32},
 year = {2014}
}

@inproceedings{rezende2014stochastic,
 author = {Danilo Jimenez Rezende and
Shakir Mohamed and
Daan Wierstra},
 booktitle = {ICML},
 pages = {1278--1286},
 timestamp = {Wed, 29 May 2019 01:00:00 +0200},
 title = {Stochastic Backpropagation and Approximate Inference in Deep Generative
Models},
 volume = {32},
 year = {2014}
}

@article{chen2016fast,
 author = {Chen, Tian Qi and Schmidt, Mark},
 journal = {ArXiv preprint},
 title = {Fast patch-based style transfer of arbitrary style},
 volume = {abs/1612.04337},
 year = {2016}
}

@misc{shu2017amortized,
 author = {Shu, Rui},
 note = {Accessed: 2020-02-02},
 title = {{Amortized Optimization}},
 year = {2017}
}

@book{puterman2014markov,
 author = {Puterman, Martin L},
 publisher = {John Wiley \& Sons},
 title = {Markov decision processes: discrete stochastic dynamic programming},
 year = {2014}
}

@inproceedings{east2020infinite,
 author = {Sebastian East and
Marco Gallieri and
Jonathan Masci and
Jan Koutn{\'{\i}}k and
Mark Cannon},
 booktitle = {ICLR},
 timestamp = {Thu, 07 May 2020 01:00:00 +0200},
 title = {Infinite-Horizon Differentiable Model Predictive Control},
 year = {2020}
}

@book{bertsekas2000dp,
 author = {Bertsekas, Dimitri P.},
 edition = {2nd},
 isbn = {1886529094},
 publisher = {Athena Scientific},
 title = {Dynamic Programming and Optimal Control},
 year = {2000}
}

@book{kirk2004optimal,
 author = {Kirk, Donald E},
 publisher = {Courier Corporation},
 title = {Optimal control theory: an introduction},
 year = {2004}
}

@inproceedings{thomas2014bias,
 author = {Philip Thomas},
 booktitle = {ICML},
 pages = {441--448},
 timestamp = {Wed, 29 May 2019 01:00:00 +0200},
 title = {Bias in Natural Actor-Critic Algorithms},
 volume = {32},
 year = {2014}
}

@article{szepesvari2010algorithms,
 author = {Szepesv{\'a}ri, Csaba},
 journal = {Synthesis lectures on artificial intelligence and machine learning},
 number = {1},
 pages = {1--103},
 publisher = {Morgan \& Claypool Publishers},
 title = {Algorithms for reinforcement learning},
 volume = {4},
 year = {2010}
}

@incollection{sutton1990integrated,
 author = {Sutton, Richard S},
 booktitle = {Machine learning proceedings 1990},
 pages = {216--224},
 publisher = {Elsevier},
 title = {Integrated architectures for learning, planning, and reacting based on approximating dynamic programming},
 year = {1990}
}

@inproceedings{nagabandi2018learning,
 author = {Anusha Nagabandi and
Ignasi Clavera and
Simin Liu and
Ronald S. Fearing and
Pieter Abbeel and
Sergey Levine and
Chelsea Finn},
 booktitle = {ICLR},
 timestamp = {Thu, 25 Jul 2019 01:00:00 +0200},
 title = {Learning to Adapt in Dynamic, Real-World Environments through Meta-Reinforcement
Learning},
 year = {2019}
}

@inproceedings{schulman2015trust,
 author = {John Schulman and
Sergey Levine and
Pieter Abbeel and
Michael I. Jordan and
Philipp Moritz},
 booktitle = {ICML},
 pages = {1889--1897},
 timestamp = {Wed, 29 May 2019 01:00:00 +0200},
 title = {Trust Region Policy Optimization},
 volume = {37},
 year = {2015}
}

@article{schulman2017proximal,
 author = {Schulman, John and Wolski, Filip and Dhariwal, Prafulla and Radford, Alec and Klimov, Oleg},
 journal = {ArXiv preprint},
 title = {Proximal policy optimization algorithms},
 volume = {abs/1707.06347},
 year = {2017}
}

@phdthesis{ziebart2010modeling,
 author = {Ziebart, Brian D},
 school = {University of Washington},
 title = {Modeling Purposeful Adaptive Behavior with the Principle of Maximum Causal Entropy},
 year = {2010}
}

@inproceedings{ziebart2008maximum,
 author = {Ziebart, Brian D and Maas, Andrew L and Bagnell, J Andrew and Dey, Anind K},
 booktitle = {AAAI},
 organization = {Chicago, IL, USA},
 pages = {1433--1438},
 title = {Maximum entropy inverse reinforcement learning.},
 volume = {8},
 year = {2008}
}

@article{mnih2015human,
 author = {Mnih, Volodymyr and Kavukcuoglu, Koray and Silver, David and Rusu, Andrei A and Veness, Joel and Bellemare, Marc G and Graves, Alex and Riedmiller, Martin and Fidjeland, Andreas K and Ostrovski, Georg and others},
 journal = {Nature},
 number = {7540},
 pages = {529--533},
 publisher = {Nature Publishing Group},
 title = {Human-level control through deep reinforcement learning},
 volume = {518},
 year = {2015}
}

@inproceedings{hasselt2010double,
 author = {Hado van Hasselt},
 booktitle = {NeurIPS},
 pages = {2613--2621},
 publisher = {Curran Associates, Inc.},
 timestamp = {Thu, 21 Jan 2021 00:00:00 +0100},
 title = {Double Q-learning},
 year = {2010}
}

@inproceedings{cho2014learning,
 address = {Doha, Qatar},
 author = {Cho, Kyunghyun  and
van Merri{\"e}nboer, Bart  and
Gulcehre, Caglar  and
Bahdanau, Dzmitry  and
Bougares, Fethi  and
Schwenk, Holger  and
Bengio, Yoshua},
 booktitle = {EMNLP},
 title = {Learning Phrase Representations using {RNN} Encoder{--}Decoder for Statistical Machine Translation},
 year = {2014}
}

@article{brockman2016openai,
 author = {Brockman, Greg and Cheung, Vicki and Pettersson, Ludwig and Schneider, Jonas and Schulman, John and Tang, Jie and Zaremba, Wojciech},
 journal = {ArXiv preprint},
 title = {Openai gym},
 volume = {abs/1606.01540},
 year = {2016}
}

@inproceedings{wang2003model,
 author = {Xin Wang and
Thomas G. Dietterich},
 booktitle = {ICML},
 pages = {776--783},
 timestamp = {Thu, 13 Dec 2012 00:00:00 +0100},
 title = {Model-based Policy Gradient Reinforcement Learning},
 year = {2003}
}

@inproceedings{d2019gradient,
 author = {Pierluca D'Oro and
Alberto Maria Metelli and
Andrea Tirinzoni and
Matteo Papini and
Marcello Restelli},
 booktitle = {AAAI},
 pages = {3801--3808},
 timestamp = {Thu, 04 Jun 2020 01:00:00 +0200},
 title = {Gradient-Aware Model-Based Policy Search},
 year = {2020}
}

@inproceedings{kolter2009policy,
 author = {Kolter, J Zico and Ng, Andrew Y},
 booktitle = {Robotics: science and systems},
 pages = {34},
 title = {Policy search via the signed derivative.},
 year = {2009}
}

@inproceedings{silver2017predictron,
 author = {David Silver and
Hado van Hasselt and
Matteo Hessel and
Tom Schaul and
Arthur Guez and
Tim Harley and
Gabriel Dulac{-}Arnold and
David P. Reichert and
Neil C. Rabinowitz and
Andr{\'{e}} Barreto and
Thomas Degris},
 booktitle = {ICML},
 pages = {3191--3199},
 timestamp = {Wed, 03 Apr 2019 01:00:00 +0200},
 title = {The Predictron: End-To-End Learning and Planning},
 volume = {70},
 year = {2017}
}

@inproceedings{tamar2016value,
 author = {Aviv Tamar and
Sergey Levine and
Pieter Abbeel and
Yi Wu and
Garrett Thomas},
 booktitle = {NeurIPS},
 pages = {2146--2154},
 timestamp = {Thu, 21 Jan 2021 00:00:00 +0100},
 title = {Value Iteration Networks},
 year = {2016}
}

@inproceedings{oh2017value,
 author = {Junhyuk Oh and
Satinder Singh and
Honglak Lee},
 booktitle = {NeurIPS},
 pages = {6118--6128},
 timestamp = {Thu, 21 Jan 2021 00:00:00 +0100},
 title = {Value Prediction Network},
 year = {2017}
}

@inproceedings{deisenroth2011pilco,
 author = {Marc Peter Deisenroth and
Carl Edward Rasmussen},
 booktitle = {ICML},
 pages = {465--472},
 timestamp = {Wed, 03 Apr 2019 01:00:00 +0200},
 title = {{PILCO:} {A} Model-Based and Data-Efficient Approach to Policy Search},
 year = {2011}
}

@inproceedings{racaniere2017imagination,
 author = {S{\'{e}}bastien Racani{\`{e}}re and
Theophane Weber and
David P. Reichert and
Lars Buesing and
Arthur Guez and
Danilo Jimenez Rezende and
Adri{\`{a}} Puigdom{\`{e}}nech Badia and
Oriol Vinyals and
Nicolas Heess and
Yujia Li and
Razvan Pascanu and
Peter W. Battaglia and
Demis Hassabis and
David Silver and
Daan Wierstra},
 booktitle = {NeurIPS},
 pages = {5690--5701},
 timestamp = {Thu, 21 Jan 2021 00:00:00 +0100},
 title = {Imagination-Augmented Agents for Deep Reinforcement Learning},
 year = {2017}
}

@inproceedings{kumar2019stabilizing,
 author = {Aviral Kumar and
Justin Fu and
Matthew Soh and
George Tucker and
Sergey Levine},
 booktitle = {NeurIPS},
 pages = {11761--11771},
 timestamp = {Thu, 21 Jan 2021 00:00:00 +0100},
 title = {Stabilizing Off-Policy Q-Learning via Bootstrapping Error Reduction},
 year = {2019}
}

@inproceedings{gu2016continuous,
 author = {Shixiang Gu and
Timothy P. Lillicrap and
Ilya Sutskever and
Sergey Levine},
 booktitle = {ICML},
 pages = {2829--2838},
 timestamp = {Wed, 29 May 2019 01:00:00 +0200},
 title = {Continuous Deep Q-Learning with Model-based Acceleration},
 volume = {48},
 year = {2016}
}

@inproceedings{finn2017model,
 author = {Chelsea Finn and
Pieter Abbeel and
Sergey Levine},
 booktitle = {ICML},
 pages = {1126--1135},
 timestamp = {Thu, 21 Jan 2021 00:00:00 +0100},
 title = {Model-Agnostic Meta-Learning for Fast Adaptation of Deep Networks},
 volume = {70},
 year = {2017}
}

@inproceedings{belanger2016structured,
 author = {David Belanger and
Andrew McCallum},
 booktitle = {ICML},
 pages = {983--992},
 timestamp = {Wed, 29 May 2019 01:00:00 +0200},
 title = {Structured Prediction Energy Networks},
 volume = {48},
 year = {2016}
}

@article{busseti2019solution,
 author = {Busseti, Enzo and Moursi, Walaa M and Boyd, Stephen},
 journal = {Computational Optimization and Applications},
 number = {3},
 pages = {627--643},
 publisher = {Springer},
 title = {Solution refinement at regular points of conic problems},
 volume = {74},
 year = {2019}
}

@article{ye1994nl,
 author = {Ye, Yinyu and Todd, Michael J and Mizuno, Shinji},
 journal = {Mathematics of Operations Research},
 number = {1},
 pages = {53--67},
 publisher = {INFORMS},
 title = {An $O(\sqrt{nL})$-iteration homogeneous and self-dual linear programming algorithm},
 volume = {19},
 year = {1994}
}

@inproceedings{metz2016unrolled,
 author = {Luke Metz and
Ben Poole and
David Pfau and
Jascha Sohl{-}Dickstein},
 booktitle = {ICLR},
 timestamp = {Thu, 25 Jul 2019 01:00:00 +0200},
 title = {Unrolled Generative Adversarial Networks},
 year = {2017}
}

@inproceedings{belanger2017end,
 author = {David Belanger and
Bishan Yang and
Andrew McCallum},
 booktitle = {ICML},
 pages = {429--439},
 timestamp = {Wed, 03 Apr 2019 01:00:00 +0200},
 title = {End-to-End Learning for Structured Prediction Energy Networks},
 volume = {70},
 year = {2017}
}

@article{rosolia2017learning,
 author = {Rosolia, Ugo and Borrelli, Francesco},
 journal = {IEEE Transactions on Automatic Control},
 number = {7},
 pages = {1883--1896},
 publisher = {IEEE},
 title = {Learning model predictive control for iterative tasks. a data-driven control framework},
 volume = {63},
 year = {2017}
}

@inproceedings{johnson2016perceptual,
 author = {Johnson, Justin and Alahi, Alexandre and Fei-Fei, Li},
 booktitle = {ECCV},
 organization = {Springer},
 pages = {694--711},
 title = {Perceptual losses for real-time style transfer and super-resolution},
 year = {2016}
}

@inproceedings{gatys2016image,
 author = {Leon A. Gatys and
Alexander S. Ecker and
Matthias Bethge},
 booktitle = {CVPR},
 title = {Image Style Transfer Using Convolutional Neural Networks},
 year = {2016}
}

@inproceedings{gordon2018meta,
 author = {Jonathan Gordon and
John Bronskill and
Matthias Bauer and
Sebastian Nowozin and
Richard E. Turner},
 booktitle = {ICLR},
 timestamp = {Thu, 25 Jul 2019 01:00:00 +0200},
 title = {Meta-Learning Probabilistic Inference for Prediction},
 year = {2019}
}

@inproceedings{rusu2018meta,
 author = {Andrei A. Rusu and
Dushyant Rao and
Jakub Sygnowski and
Oriol Vinyals and
Razvan Pascanu and
Simon Osindero and
Raia Hadsell},
 booktitle = {ICLR},
 timestamp = {Thu, 25 Jul 2019 01:00:00 +0200},
 title = {Meta-Learning with Latent Embedding Optimization},
 year = {2019}
}

@article{chen2021learning,
 author = {Chen, Tianlong and Chen, Xiaohan and Chen, Wuyang and Heaton, Howard and Liu, Jialin and Wang, Zhangyang and Yin, Wotao},
 journal = {ArXiv preprint},
 title = {Learning to optimize: A primer and a benchmark},
 volume = {abs/2103.12828},
 year = {2021}
}

@inproceedings{arbel2021amortized,
 author = {Michael Arbel and
Julien Mairal},
 booktitle = {{ICLR}},
 title = {Amortized Implicit Differentiation for Stochastic Bilevel Optimization},
 year = {2022}
}

@inproceedings{byravan2021evaluating,
 author = {Arunkumar Byravan and
Leonard Hasenclever and
Piotr Trochim and
Mehdi Mirza and
Alessandro Davide Ialongo and
Yuval Tassa and
Jost Tobias Springenberg and
Abbas Abdolmaleki and
Nicolas Heess and
Josh Merel and
Martin A. Riedmiller},
 booktitle = {{ICLR}},
 title = {Evaluating Model-Based Planning and Planner Amortization for Continuous
Control},
 year = {2022}
}

@inproceedings{byravan2020imagined,
 author = {Byravan, Arunkumar and Springenberg, Jost Tobias and Abdolmaleki, Abbas and Hafner, Roland and Neunert, Michael and Lampe, Thomas and Siegel, Noah and Heess, Nicolas and Riedmiller, Martin},
 booktitle = {Conference on Robot Learning},
 pages = {566--589},
 title = {Imagined value gradients: Model-based policy optimization with tranferable latent dynamics models},
 year = {2020}
}

@inproceedings{amos2021model,
 author = {Amos, Brandon and Stanton, Samuel and Yarats, Denis and Wilson, Andrew Gordon},
 booktitle = {L4DC},
 pages = {6--20},
 title = {On the model-based stochastic value gradient for continuous reinforcement learning},
 year = {2021}
}

@phdthesis{heaton2021learning,
 author = {Heaton, Howard Wayne},
 school = {UCLA},
 title = {Learning to Optimize with Guarantees},
 year = {2021}
}

@article{shao2021learning,
 author = {Shao, Zhihui and Yang, Jianyi and Shen, Cong and Ren, Shaolei},
 journal = {ArXiv preprint},
 title = {Learning for Robust Combinatorial Optimization: Algorithm and Application},
 volume = {abs/2112.10377},
 year = {2021}
}

@inproceedings{alabi2019learning,
 author = {Daniel Alabi and
Adam Tauman Kalai and
Katrina Ligett and
Cameron Musco and
Christos Tzamos and
Ellen Vitercik},
 booktitle = {COLT},
 pages = {30--33},
 timestamp = {Mon, 08 Jul 2019 01:00:00 +0200},
 title = {Learning to Prune: Speeding up Repeated Computations},
 volume = {99},
 year = {2019}
}

@inproceedings{jeong2019learning,
 author = {Yeonwoo Jeong and
Hyun Oh Song},
 booktitle = {ICML},
 pages = {3091--3099},
 timestamp = {Tue, 11 Jun 2019 01:00:00 +0200},
 title = {Learning Discrete and Continuous Factors of Data via Alternating Disentanglement},
 volume = {97},
 year = {2019}
}

@article{banerjee2015efficiently,
 author = {Banerjee, Ashis Gopal and Roy, Nicholas},
 journal = {MIT},
 title = {Efficiently solving repeated integer linear programming problems by learning solutions of similar linear programming problems using boosting trees},
 year = {2015}
}

@article{metz2021gradients,
 author = {Metz, Luke and Freeman, C Daniel and Schoenholz, Samuel S and Kachman, Tal},
 journal = {ArXiv preprint},
 title = {Gradients are Not All You Need},
 volume = {abs/2111.05803},
 year = {2021}
}

@inproceedings{andrychowicz2016learning,
 author = {Marcin Andrychowicz and
Misha Denil and
Sergio Gomez Colmenarejo and
Matthew W. Hoffman and
David Pfau and
Tom Schaul and
Nando de Freitas},
 booktitle = {NeurIPS},
 pages = {3981--3989},
 timestamp = {Thu, 21 Jan 2021 00:00:00 +0100},
 title = {Learning to learn by gradient descent by gradient descent},
 year = {2016}
}

@inproceedings{wichrowska2017learned,
 author = {Olga Wichrowska and
Niru Maheswaranathan and
Matthew W. Hoffman and
Sergio Gomez Colmenarejo and
Misha Denil and
Nando de Freitas and
Jascha Sohl{-}Dickstein},
 booktitle = {ICML},
 pages = {3751--3760},
 timestamp = {Wed, 03 Apr 2019 01:00:00 +0200},
 title = {Learned Optimizers that Scale and Generalize},
 volume = {70},
 year = {2017}
}

@inproceedings{li2016learning,
 author = {Ke Li and
Jitendra Malik},
 booktitle = {ICLR},
 timestamp = {Wed, 25 Nov 2020 00:00:00 +0100},
 title = {Learning to Optimize},
 year = {2017}
}

@article{krivachy2020fast,
 author = {Kriv{\'a}chy, Tam{\'a}s and Cai, Yu and Bowles, Joseph and Cavalcanti, Daniel and Brunner, Nicolas},
 journal = {ArXiv preprint},
 title = {Fast semidefinite programming with feedforward neural networks},
 volume = {abs/2011.05785},
 year = {2020}
}

@inproceedings{donti2021dc3,
 author = {Priya L. Donti and
David Rolnick and
J. Zico Kolter},
 booktitle = {ICLR},
 timestamp = {Wed, 23 Jun 2021 01:00:00 +0200},
 title = {{DC3:} {A} learning method for optimization with hard constraints},
 year = {2021}
}

@inproceedings{chen2017learning,
 author = {Yutian Chen and
Matthew W. Hoffman and
Sergio Gomez Colmenarejo and
Misha Denil and
Timothy P. Lillicrap and
Matthew Botvinick and
Nando de Freitas},
 booktitle = {ICML},
 pages = {748--756},
 timestamp = {Wed, 03 Apr 2019 01:00:00 +0200},
 title = {Learning to Learn without Gradient Descent by Gradient Descent},
 volume = {70},
 year = {2017}
}

@inproceedings{ravi2016optimization,
 author = {Sachin Ravi and
Hugo Larochelle},
 booktitle = {ICLR},
 timestamp = {Thu, 04 Apr 2019 01:00:00 +0200},
 title = {Optimization as a Model for Few-Shot Learning},
 year = {2017}
}

@inproceedings{bai2019deep,
 author = {Shaojie Bai and
J. Zico Kolter and
Vladlen Koltun},
 booktitle = {NeurIPS},
 pages = {688--699},
 timestamp = {Thu, 21 Jan 2021 00:00:00 +0100},
 title = {Deep Equilibrium Models},
 year = {2019}
}

@inproceedings{bai2020multiscale,
 author = {Shaojie Bai and
Vladlen Koltun and
J. Zico Kolter},
 booktitle = {NeurIPS},
 timestamp = {Tue, 19 Jan 2021 00:00:00 +0100},
 title = {Multiscale Deep Equilibrium Models},
 year = {2020}
}

@article{cauligi2021coco,
 author = {Cauligi, Abhishek and Culbertson, Preston and Schmerling, Edward and Schwager, Mac and Stellato, Bartolomeo and Pavone, Marco},
 journal = {IEEE Robotics and Automation Letters},
 publisher = {IEEE},
 title = {CoCo: Online Mixed-Integer Control via Supervised Learning},
 year = {2021}
}

@inproceedings{cauligi2020learning,
 author = {Cauligi, Abhishek and Culbertson, Preston and Stellato, Bartolomeo and Bertsimas, Dimitris and Schwager, Mac and Pavone, Marco},
 booktitle = {IEEE Conference on Decision and Control (CDC)},
 organization = {IEEE},
 pages = {1698--1705},
 title = {Learning mixed-integer convex optimization strategies for robot planning and control},
 year = {2020}
}

@article{bertsimas2019online,
 author = {Bertsimas, Dimitris and Stellato, Bartolomeo},
 journal = {ArXiv preprint},
 title = {Online mixed-integer optimization in milliseconds},
 volume = {abs/1907.02206},
 year = {2019}
}

@inproceedings{dai2017learning,
 author = {Elias B. Khalil and
Hanjun Dai and
Yuyu Zhang and
Bistra Dilkina and
Le Song},
 booktitle = {NeurIPS},
 pages = {6348--6358},
 timestamp = {Thu, 21 Jan 2021 00:00:00 +0100},
 title = {Learning Combinatorial Optimization Algorithms over Graphs},
 year = {2017}
}

@inproceedings{khalil2016learning,
 author = {Elias Boutros Khalil and
Pierre Le Bodic and
Le Song and
George L. Nemhauser and
Bistra Dilkina},
 booktitle = {AAAI},
 pages = {724--731},
 timestamp = {Wed, 24 Jul 2019 01:00:00 +0200},
 title = {Learning to Branch in Mixed Integer Programming},
 year = {2016}
}

@article{cappart2021combinatorial,
 author = {Cappart, Quentin and Ch{\'e}telat, Didier and Khalil, Elias and Lodi, Andrea and Morris, Christopher and Veli{\v{c}}kovi{\'c}, Petar},
 journal = {ArXiv preprint},
 title = {Combinatorial optimization and reasoning with graph neural networks},
 volume = {abs/2102.09544},
 year = {2021}
}

@article{balcan2020data,
 author = {Balcan, Maria-Florina},
 journal = {ArXiv preprint},
 title = {Data-driven algorithm design},
 volume = {abs/2011.07177},
 year = {2020}
}

@article{sercu2021neural,
 author = {Sercu, Tom and Verkuil, Robert and Meier, Joshua and Amos, Brandon and Lin, Zeming and Chen, Caroline and Liu, Jason and LeCun, Yann and Rives, Alexander},
 journal = {bioRxiv},
 publisher = {Cold Spring Harbor Laboratory},
 title = {Neural Potts Model},
 year = {2021}
}

@article{blei2017variational,
 author = {Blei, David M and Kucukelbir, Alp and McAuliffe, Jon D},
 journal = {Journal of the American statistical Association},
 number = {518},
 pages = {859--877},
 publisher = {Taylor \& Francis},
 title = {Variational inference: A review for statisticians},
 volume = {112},
 year = {2017}
}

@inproceedings{higgins2016beta,
 author = {Irina Higgins and
Lo{\"{\i}}c Matthey and
Arka Pal and
Christopher Burgess and
Xavier Glorot and
Matthew Botvinick and
Shakir Mohamed and
Alexander Lerchner},
 booktitle = {ICLR},
 timestamp = {Thu, 25 Jul 2019 01:00:00 +0200},
 title = {beta-VAE: Learning Basic Visual Concepts with a Constrained Variational
Framework},
 year = {2017}
}

@article{doersch2016tutorial,
 author = {Doersch, Carl},
 journal = {ArXiv preprint},
 title = {Tutorial on variational autoencoders},
 volume = {abs/1606.05908},
 year = {2016}
}

@inproceedings{rezende2015variational,
 author = {Danilo Jimenez Rezende and
Shakir Mohamed},
 booktitle = {ICML},
 pages = {1530--1538},
 timestamp = {Wed, 29 May 2019 01:00:00 +0200},
 title = {Variational Inference with Normalizing Flows},
 volume = {37},
 year = {2015}
}

@inproceedings{li2020fourier,
 author = {Zongyi Li and
Nikola Borislavov Kovachki and
Kamyar Azizzadenesheli and
Burigede Liu and
Kaushik Bhattacharya and
Andrew M. Stuart and
Anima Anandkumar},
 booktitle = {ICLR},
 timestamp = {Wed, 23 Jun 2021 01:00:00 +0200},
 title = {Fourier Neural Operator for Parametric Partial Differential Equations},
 year = {2021}
}

@article{kovachki2021universal,
 author = {Kovachki, Nikola and Lanthaler, Samuel and Mishra, Siddhartha},
 journal = {Journal of Machine Learning Research},
 pages = {Art--No},
 volume = {22},
 year = {2021}
}

@article{karniadakis2021physics,
 author = {Karniadakis, George Em and Kevrekidis, Ioannis G and Lu, Lu and Perdikaris, Paris and Wang, Sifan and Yang, Liu},
 journal = {Nature Reviews Physics},
 number = {6},
 pages = {422--440},
 publisher = {Nature Publishing Group},
 title = {Physics-informed machine learning},
 volume = {3},
 year = {2021}
}

@article{chen2021solving,
 author = {Chen, Yifan and Hosseini, Bamdad and Owhadi, Houman and Stuart, Andrew M},
 journal = {ArXiv preprint},
 title = {Solving and learning nonlinear PDEs with gaussian processes},
 volume = {abs/2103.12959},
 year = {2021}
}

@article{blechschmidt2021three,
 author = {Blechschmidt, Jan and Ernst, Oliver G},
 journal = {GAMM-Mitteilungen},
 pages = {e202100006},
 publisher = {Wiley Online Library},
 title = {Three ways to solve partial differential equations with neural networks—A review},
 year = {2021}
}

@inproceedings{usman2021machine,
 author = {Usman, Ali and Rafiq, Muhammad and Saeed, Muhammad and Nauman, Ali and Almqvist, Andreas and Liwicki, Marcus},
 booktitle = {2021 Swedish Artificial Intelligence Society Workshop (SAIS)},
 organization = {IEEE},
 pages = {1--4},
 title = {Machine Learning Computational Fluid Dynamics},
 year = {2021}
}

@inproceedings{marwah2021parametric,
 author = {Tanya Marwah and
Zachary C. Lipton and
Andrej Risteski},
 booktitle = {NeurIPS},
 pages = {15044--15055},
 title = {Parametric Complexity Bounds for Approximating PDEs with Neural Networks},
 year = {2021}
}

@article{vinuesa2021potential,
 author = {Vinuesa, Ricardo and Brunton, Steven L},
 journal = {ArXiv preprint},
 title = {The potential of machine learning to enhance computational fluid dynamics},
 volume = {abs/2110.02085},
 year = {2021}
}

@inproceedings{poli2020hypersolvers,
 author = {Michael Poli and
Stefano Massaroli and
Atsushi Yamashita and
Hajime Asama and
Jinkyoo Park},
 booktitle = {NeurIPS},
 timestamp = {Tue, 19 Jan 2021 00:00:00 +0100},
 title = {Hypersolvers: Toward Fast Continuous-Depth Models},
 year = {2020}
}

@inproceedings{berto2021neural,
 author = {Federico Berto and
Stefano Massaroli and
Michael Poli and
Jinkyoo Park},
 booktitle = {{ICLR}},
 title = {Neural Solvers for Fast and Accurate Numerical Optimal Control},
 year = {2022}
}

@inproceedings{gao2020learning,
 author = {Zhi Gao and
Yuwei Wu and
Yunde Jia and
Mehrtash Harandi},
 booktitle = {CVPR},
 title = {Learning to Optimize on {SPD} Manifolds},
 year = {2020}
}

@book{absil2009optimization,
 author = {Absil, P-A and Mahony, Robert and Sepulchre, Rodolphe},
 publisher = {Princeton University Press},
 title = {Optimization algorithms on matrix manifolds},
 year = {2009}
}

@inproceedings{sanchez2020learning,
 author = {Alvaro Sanchez{-}Gonzalez and
Jonathan Godwin and
Tobias Pfaff and
Rex Ying and
Jure Leskovec and
Peter W. Battaglia},
 booktitle = {ICML},
 pages = {8459--8468},
 timestamp = {Tue, 15 Dec 2020 00:00:00 +0100},
 title = {Learning to Simulate Complex Physics with Graph Networks},
 volume = {119},
 year = {2020}
}

@inproceedings{grzeszczuk1998neuroanimator,
 author = {Grzeszczuk, Radek and Terzopoulos, Demetri and Hinton, Geoffrey},
 booktitle = {25th annual conference on Computer graphics and interactive techniques},
 pages = {9--20},
 title = {Neuroanimator: Fast neural network emulation and control of physics-based models},
 year = {1998}
}

@article{he2019learning,
 author = {He, Siyu and Li, Yin and Feng, Yu and Ho, Shirley and Ravanbakhsh, Siamak and Chen, Wei and P{\'o}czos, Barnab{\'a}s},
 journal = {Proceedings of the National Academy of Sciences},
 number = {28},
 pages = {13825--13832},
 publisher = {National Acad Sciences},
 title = {Learning to predict the cosmological structure formation},
 volume = {116},
 year = {2019}
}

@article{ladicky2015data,
 author = {Ladick{\`y}, L'ubor and Jeong, SoHyeon and Solenthaler, Barbara and Pollefeys, Marc and Gross, Markus},
 journal = {ACM Transactions on Graphics (TOG)},
 number = {6},
 pages = {1--9},
 publisher = {ACM New York, NY, USA},
 title = {Data-driven fluid simulations using regression forests},
 volume = {34},
 year = {2015}
}

@inproceedings{wiewel2019latent,
 author = {Wiewel, Steffen and Becher, Moritz and Thuerey, Nils},
 booktitle = {Computer graphics forum},
 organization = {Wiley Online Library},
 pages = {71--82},
 title = {Latent space physics: Towards learning the temporal evolution of fluid flow},
 volume = {38},
 year = {2019}
}

@article{still2018lectures,
 author = {Still, Georg},
 journal = {Optimization Online},
 title = {Lectures on parametric optimization: An introduction},
 year = {2018}
}

@article{fiacco1990sensitivity,
 author = {Fiacco, Anthony V and Ishizuka, Yo},
 journal = {Annals of Operations Research},
 number = {1},
 pages = {215--235},
 publisher = {Springer},
 title = {Sensitivity and stability analysis for nonlinear programming},
 volume = {27},
 year = {1990}
}

@book{bank1982non,
 author = {Bank, Bernd and Guddat, J{\"u}rgen and Klatte, Diethard and Kummer, Bernd and Tammer, Klaus},
 publisher = {Springer},
 title = {Non-linear parametric optimization},
 year = {1982}
}

@book{bonnans2013perturbation,
 author = {Bonnans, J Fr{\'e}d{\'e}ric and Shapiro, Alexander},
 publisher = {Springer Science \& Business Media},
 title = {Perturbation analysis of optimization problems},
 year = {2013}
}

@book{klatte2006nonsmooth,
 author = {Klatte, Diethard and Kummer, Bernd},
 publisher = {Springer Science \& Business Media},
 title = {Nonsmooth equations in optimization: regularity, calculus, methods and applications},
 volume = {60},
 year = {2006}
}

@book{fiacco2020mathematical,
 author = {Fiacco, Anthony V},
 publisher = {CRC Press},
 title = {Mathematical programming with data perturbations},
 year = {2020}
}

@article{wang2009fast,
 author = {Wang, Yang and Boyd, Stephen},
 journal = {IEEE Transactions on control systems technology},
 number = {2},
 pages = {267--278},
 publisher = {IEEE},
 title = {Fast model predictive control using online optimization},
 volume = {18},
 year = {2009}
}

@article{shapiro2003sensitivity,
 author = {Shapiro, Alexander},
 journal = {Journal of Mathematical Sciences},
 number = {4},
 title = {Sensitivity Analysis of Generalized Equations.},
 volume = {115},
 year = {2003}
}

@inproceedings{luo2018neural,
 author = {Renqian Luo and
Fei Tian and
Tao Qin and
Enhong Chen and
Tie{-}Yan Liu},
 booktitle = {NeurIPS},
 pages = {7827--7838},
 timestamp = {Thu, 21 Jan 2021 00:00:00 +0100},
 title = {Neural Architecture Optimization},
 year = {2018}
}

@inproceedings{gregor2010learning,
 author = {Karol Gregor and
Yann LeCun},
 booktitle = {ICML},
 pages = {399--406},
 timestamp = {Wed, 03 Apr 2019 01:00:00 +0200},
 title = {Learning Fast Approximations of Sparse Coding},
 year = {2010}
}

@article{kavukcuoglu2010fast,
 author = {Kavukcuoglu, Koray and Ranzato, Marc'Aurelio and LeCun, Yann},
 journal = {arXiv preprint arXiv:1010.3467},
 title = {Fast inference in sparse coding algorithms with applications to object recognition},
 year = {2010}
}

@inproceedings{stellato2018osqp,
 author = {Stellato, Bartolomeo and Banjac, Goran and Goulart, Paul and Bemporad, Alberto and Boyd, Stephen},
 booktitle = {UKACC 12th international conference on control (CONTROL)},
 organization = {IEEE},
 pages = {339--339},
 title = {OSQP: An operator splitting solver for quadratic programs},
 year = {2018}
}

@article{o2016conic,
 author = {O’donoghue, Brendan and Chu, Eric and Parikh, Neal and Boyd, Stephen},
 journal = {Journal of Optimization Theory and Applications},
 number = {3},
 pages = {1042--1068},
 publisher = {Springer},
 title = {Conic optimization via operator splitting and homogeneous self-dual embedding},
 volume = {169},
 year = {2016}
}

@article{mattingley2012cvxgen,
 author = {Mattingley, Jacob and Boyd, Stephen},
 journal = {Optimization and Engineering},
 number = {1},
 pages = {1--27},
 publisher = {Springer},
 title = {CVXGEN: A code generator for embedded convex optimization},
 volume = {13},
 year = {2012}
}

@article{frank1956algorithm,
 author = {Frank, Marguerite and Wolfe, Philip and others},
 journal = {Naval research logistics quarterly},
 number = {1-2},
 pages = {95--110},
 publisher = {Wiley Subscription Services, Inc., A Wiley Company New York},
 title = {An algorithm for quadratic programming},
 volume = {3},
 year = {1956}
}

@article{kantorovich1960mathematical,
 author = {Kantorovich, Leonid V},
 journal = {Management science},
 number = {4},
 pages = {366--422},
 publisher = {INFORMS},
 title = {Mathematical methods of organizing and planning production},
 volume = {6},
 year = {1960}
}

@book{boyd2004convex,
 author = {Boyd, Stephen and Boyd, Stephen P and Vandenberghe, Lieven},
 publisher = {Cambridge university press},
 title = {Convex optimization},
 year = {2004}
}

@article{parikh2014proximal,
 author = {Parikh, Neal and Boyd, Stephen},
 journal = {Foundations and Trends in optimization},
 number = {3},
 pages = {127--239},
 publisher = {Now Publishers Inc. Hanover, MA, USA},
 title = {Proximal algorithms},
 volume = {1},
 year = {2014}
}

@article{xiao2004fast,
 author = {Xiao, Lin and Boyd, Stephen},
 journal = {Systems \& Control Letters},
 number = {1},
 pages = {65--78},
 publisher = {Elsevier},
 title = {Fast linear iterations for distributed averaging},
 volume = {53},
 year = {2004}
}

@inproceedings{domahidi2013ecos,
 author = {Domahidi, Alexander and Chu, Eric and Boyd, Stephen},
 booktitle = {European Control Conference (ECC)},
 organization = {IEEE},
 pages = {3071--3076},
 title = {ECOS: An SOCP solver for embedded systems},
 year = {2013}
}

@article{lawler1966branch,
 author = {Lawler, Eugene L and Wood, David E},
 journal = {Operations research},
 number = {4},
 pages = {699--719},
 publisher = {INFORMS},
 title = {Branch-and-bound methods: A survey},
 volume = {14},
 year = {1966}
}

@article{wolpert1997no,
 author = {Wolpert, David H and Macready, William G},
 journal = {IEEE transactions on evolutionary computation},
 number = {1},
 pages = {67--82},
 publisher = {IEEE},
 title = {No free lunch theorems for optimization},
 volume = {1},
 year = {1997}
}

@book{nocedal2006numerical,
 author = {Nocedal, Jorge and Wright, Stephen},
 publisher = {Springer Science \& Business Media},
 title = {Numerical optimization},
 year = {2006}
}

@article{majumdar2019survey,
 author = {Majumdar, Anirudha and Hall, Georgina and Ahmadi, Amir Ali},
 journal = {ArXiv preprint},
 title = {A survey of recent scalability improvements for semidefinite programming with applications in machine learning, control, and robotics},
 volume = {abs/1908.05209},
 year = {2019}
}

@inproceedings{ichnowski2021accelerating,
 author = {Jeffrey Ichnowski and
Paras Jain and
Bartolomeo Stellato and
Goran Banjac and
Michael Luo and
Francesco Borrelli and
Joseph E. Gonzalez and
Ion Stoica and
Ken Goldberg},
 booktitle = {NeurIPS},
 pages = {21043--21055},
 title = {Accelerating Quadratic Optimization with Reinforcement Learning},
 year = {2021}
}

@inproceedings{domke2012generic,
 author = {Domke, Justin},
 booktitle = {AISTATS},
 pages = {318--326},
 title = {Generic methods for optimization-based modeling},
 year = {2012}
}

@article{gould2016differentiating,
 author = {Gould, Stephen and Fernando, Basura and Cherian, Anoop and Anderson, Peter and Cruz, Rodrigo Santa and Guo, Edison},
 journal = {ArXiv preprint},
 title = {On differentiating parameterized argmin and argmax problems with application to bi-level optimization},
 volume = {abs/1607.05447},
 year = {2016}
}

@inproceedings{vicol2021unbiased,
 author = {Paul Vicol and
Luke Metz and
Jascha Sohl{-}Dickstein},
 booktitle = {ICML},
 pages = {10553--10563},
 timestamp = {Wed, 25 Aug 2021 01:00:00 +0200},
 title = {Unbiased Gradient Estimation in Unrolled Computation Graphs with Persistent
Evolution Strategies},
 volume = {139},
 year = {2021}
}

@article{li2017learning,
 author = {Li, Ke and Malik, Jitendra},
 journal = {ArXiv preprint},
 title = {Learning to optimize neural nets},
 volume = {abs/1703.00441},
 year = {2017}
}

@inproceedings{mishra2017simple,
 author = {Nikhil Mishra and
Mostafa Rohaninejad and
Xi Chen and
Pieter Abbeel},
 booktitle = {ICLR},
 timestamp = {Thu, 25 Jul 2019 01:00:00 +0200},
 title = {A Simple Neural Attentive Meta-Learner},
 year = {2018}
}

@article{xiao2021amortized,
 author = {Xiao, Yuxin and Xing, Eric P and Neiswanger, Willie},
 journal = {ArXiv preprint},
 title = {Amortized Auto-Tuning: Cost-Efficient Transfer Optimization for Hyperparameter Recommendation},
 volume = {abs/2106.09179},
 year = {2021}
}

@inproceedings{xue2020amortized,
 author = {Tianju Xue and
Alex Beatson and
Sigrid Adriaenssens and
Ryan P. Adams},
 booktitle = {ICML},
 pages = {10638--10647},
 timestamp = {Tue, 15 Dec 2020 00:00:00 +0100},
 title = {Amortized Finite Element Analysis for Fast PDE-Constrained Optimization},
 volume = {119},
 year = {2020}
}

@inproceedings{gershman2014amortized,
 author = {Gershman, Samuel and Goodman, Noah},
 booktitle = {Proceedings of the annual meeting of the cognitive science society},
 title = {Amortized inference in probabilistic reasoning},
 volume = {36},
 year = {2014}
}

@inproceedings{ravi2018amortized,
 author = {Sachin Ravi and
Alex Beatson},
 booktitle = {ICLR},
 timestamp = {Thu, 25 Jul 2019 01:00:00 +0200},
 title = {Amortized Bayesian Meta-Learning},
 year = {2019}
}

@inproceedings{wu2020meta,
 author = {Mike Wu and
Kristy Choi and
Noah D. Goodman and
Stefano Ermon},
 booktitle = {AAAI},
 pages = {6404--6412},
 timestamp = {Tue, 02 Feb 2021 00:00:00 +0100},
 title = {Meta-Amortized Variational Inference and Learning},
 year = {2020}
}

@inproceedings{stuhlmuller2013learning,
 author = {Andreas Stuhlm{\"{u}}ller and
Jessica Taylor and
Noah D. Goodman},
 booktitle = {NeurIPS},
 pages = {3048--3056},
 timestamp = {Thu, 21 Jan 2021 00:00:00 +0100},
 title = {Learning Stochastic Inverses},
 year = {2013}
}

@inproceedings{webb2017faithful,
 author = {Stefan Webb and
Adam Golinski and
Robert Zinkov and
Siddharth Narayanaswamy and
Tom Rainforth and
Yee Whye Teh and
Frank Wood},
 booktitle = {NeurIPS},
 pages = {3074--3084},
 timestamp = {Thu, 21 Jan 2021 00:00:00 +0100},
 title = {Faithful Inversion of Generative Models for Effective Amortized Inference},
 year = {2018}
}

@phdthesis{belanger2017deep,
 author = {Belanger, David},
 school = {University of Massachusetts Amherst},
 title = {Deep energy-based models for structured prediction},
 year = {2017}
}

@article{aho1986compilers,
 author = {Aho, Alfred V and Sethi, Ravi and Ullman, Jeffrey D},
 journal = {Addison wesley},
 number = {8},
 pages = {9},
 title = {Compilers, principles, techniques},
 volume = {7},
 year = {1986}
}

@techreport{davidson1995aggressive,
 author = {Davidson, Jack W and Jinturkar, Sanjay},
 institution = {Citeseer},
 title = {An aggressive approach to loop unrolling},
 year = {1995}
}

@article{pearlmutter2008reverse,
 author = {Pearlmutter, Barak A and Siskind, Jeffrey Mark},
 journal = {ACM Transactions on Programming Languages and Systems (TOPLAS)},
 number = {2},
 pages = {1--36},
 publisher = {ACM New York, NY, USA},
 title = {Reverse-mode AD in a functional framework: Lambda the ultimate backpropagator},
 volume = {30},
 year = {2008}
}

@inproceedings{zhang2010multi,
 author = {Chongjie Zhang and
Victor R. Lesser},
 booktitle = {AAAI},
 timestamp = {Wed, 01 Sep 2010 01:00:00 +0200},
 title = {Multi-Agent Learning with Policy Prediction},
 year = {2010}
}

@inproceedings{maclaurin2015gradient,
 author = {Dougal Maclaurin and
David Duvenaud and
Ryan P. Adams},
 booktitle = {ICML},
 pages = {2113--2122},
 timestamp = {Mon, 22 Jul 2019 01:00:00 +0200},
 title = {Gradient-based Hyperparameter Optimization through Reversible Learning},
 volume = {37},
 year = {2015}
}

@inproceedings{han2017alternating,
 author = {Tian Han and
Yang Lu and
Song{-}Chun Zhu and
Ying Nian Wu},
 booktitle = {AAAI},
 pages = {1976--1984},
 publisher = {{AAAI} Press},
 timestamp = {Mon, 18 Nov 2019 00:00:00 +0100},
 title = {Alternating Back-Propagation for Generator Network},
 year = {2017}
}

@article{hoyer2019neural,
 author = {Hoyer, Stephan and Sohl-Dickstein, Jascha and Greydanus, Sam},
 journal = {ArXiv preprint},
 title = {Neural reparameterization improves structural optimization},
 volume = {abs/1909.04240},
 year = {2019}
}

@article{kotary2021end,
 author = {Kotary, James and Fioretto, Ferdinando and Van Hentenryck, Pascal and Wilder, Bryan},
 journal = {ArXiv preprint},
 title = {End-to-end constrained optimization learning: A survey},
 volume = {abs/2103.16378},
 year = {2021}
}

@article{bengio2021machine,
 author = {Bengio, Yoshua and Lodi, Andrea and Prouvost, Antoine},
 journal = {European Journal of Operational Research},
 number = {2},
 pages = {405--421},
 publisher = {Elsevier},
 title = {Machine learning for combinatorial optimization: a methodological tour d’horizon},
 volume = {290},
 year = {2021}
}

@article{lodi2017learning,
 author = {Lodi, Andrea and Zarpellon, Giulia},
 journal = {Top},
 number = {2},
 pages = {207--236},
 publisher = {Springer},
 title = {On learning and branching: a survey},
 volume = {25},
 year = {2017}
}

@inproceedings{marino2020iterative,
 author = {Joseph Marino and
Alexandre Pich{\'{e}} and
Alessandro Davide Ialongo and
Yisong Yue},
 booktitle = {NeurIPS},
 pages = {15667--15681},
 title = {Iterative Amortized Policy Optimization},
 year = {2021}
}

@inproceedings{fickinger2021scalable,
 author = {Arnaud Fickinger and
Hengyuan Hu and
Brandon Amos and
Stuart J. Russell and
Noam Brown},
 booktitle = {NeurIPS},
 pages = {16951--16963},
 title = {Scalable Online Planning via Reinforcement Learning Fine-Tuning},
 year = {2021}
}

@article{amos2019limited,
 author = {Amos, Brandon and Koltun, Vladlen and Kolter, J Zico},
 journal = {ArXiv preprint},
 title = {The limited multi-label projection layer},
 volume = {abs/1906.08707},
 year = {2019}
}

@article{hochreiter1997long,
 author = {Hochreiter, Sepp and Schmidhuber, J{\"u}rgen},
 journal = {Neural computation},
 number = {8},
 pages = {1735--1780},
 publisher = {MIT Press},
 title = {Long short-term memory},
 volume = {9},
 year = {1997}
}

@article{bar2019learning,
 author = {Bar-Sinai, Yohai and Hoyer, Stephan and Hickey, Jason and Brenner, Michael P},
 journal = {Proceedings of the National Academy of Sciences},
 number = {31},
 pages = {15344--15349},
 publisher = {National Acad Sciences},
 title = {Learning data-driven discretizations for partial differential equations},
 volume = {116},
 year = {2019}
}

@article{richter1983continuation,
 author = {Richter, Stephen L and Decarlo, Raymond A},
 journal = {IEEE Transactions on Systems, Man, and Cybernetics},
 number = {4},
 pages = {459--464},
 publisher = {IEEE},
 title = {Continuation methods: Theory and applications},
 volume = {SMC-13},
 year = {1983}
}

@book{allgower2012numerical,
 author = {Allgower, Eugene L and Georg, Kurt},
 publisher = {Springer Science \& Business Media},
 title = {Numerical continuation methods: an introduction},
 volume = {13},
 year = {2012}
}

@article{watson1989modern,
 author = {Watson, Layne T and Haftka, Raphael T},
 journal = {Computer Methods in Applied Mechanics and Engineering},
 number = {3},
 pages = {289--305},
 publisher = {Elsevier},
 title = {Modern homotopy methods in optimization},
 volume = {74},
 year = {1989}
}

@inproceedings{lample2019deep,
 author = {Guillaume Lample and
Fran{\c{c}}ois Charton},
 booktitle = {ICLR},
 timestamp = {Thu, 07 May 2020 01:00:00 +0200},
 title = {Deep Learning For Symbolic Mathematics},
 year = {2020}
}

@article{charton2021deep,
 author = {Charton, Fran{\c{c}}ois and Hayat, Amaury and McQuade, Sean T and Merrill, Nathaniel J and Piccoli, Benedetto},
 journal = {ArXiv preprint},
 title = {A deep language model to predict metabolic network equilibria},
 volume = {abs/2112.03588},
 year = {2021}
}

@article{charton2021linear,
 author = {Charton, Fran{\c{c}}ois},
 journal = {ArXiv preprint},
 title = {Linear algebra with transformers},
 volume = {abs/2112.01898},
 year = {2021}
}

@inproceedings{lorraine2020optimizing,
 author = {Jonathan Lorraine and
Paul Vicol and
David Duvenaud},
 booktitle = {AISTATS},
 pages = {1540--1552},
 timestamp = {Mon, 29 Jun 2020 01:00:00 +0200},
 title = {Optimizing Millions of Hyperparameters by Implicit Differentiation},
 volume = {108},
 year = {2020}
}

@article{werbos1990backpropagation,
 author = {Werbos, Paul J},
 journal = {Proceedings of the IEEE},
 number = {10},
 pages = {1550--1560},
 publisher = {IEEE},
 title = {Backpropagation through time: what it does and how to do it},
 volume = {78},
 year = {1990}
}

@article{tallec2017unbiasing,
 author = {Tallec, Corentin and Ollivier, Yann},
 journal = {ArXiv preprint},
 title = {Unbiasing truncated backpropagation through time},
 volume = {abs/1705.08209},
 year = {2017}
}

@book{jaeger2002tutorial,
 author = {Jaeger, Herbert},
 publisher = {GMD-Forschungszentrum Informationstechnik Bonn},
 title = {Tutorial on training recurrent neural networks, covering BPPT, RTRL, EKF and the" echo state network" approach},
 volume = {5},
 year = {2002}
}

@inproceedings{rajeswaran2019meta,
 author = {Aravind Rajeswaran and
Chelsea Finn and
Sham M. Kakade and
Sergey Levine},
 booktitle = {NeurIPS},
 pages = {113--124},
 timestamp = {Thu, 21 Jan 2021 00:00:00 +0100},
 title = {Meta-Learning with Implicit Gradients},
 year = {2019}
}

@article{jordan1999introduction,
 author = {Jordan, Michael I and Ghahramani, Zoubin and Jaakkola, Tommi S and Saul, Lawrence K},
 journal = {Machine learning},
 number = {2},
 pages = {183--233},
 publisher = {Springer},
 title = {An introduction to variational methods for graphical models},
 volume = {37},
 year = {1999}
}

@book{wainwright2008graphical,
 author = {Wainwright, Martin J and Jordan, Michael Irwin},
 publisher = {Now Publishers Inc},
 title = {Graphical models, exponential families, and variational inference},
 year = {2008}
}

@inproceedings{mnih2014neural,
 author = {Andriy Mnih and
Karol Gregor},
 booktitle = {ICML},
 pages = {1791--1799},
 timestamp = {Wed, 29 May 2019 01:00:00 +0200},
 title = {Neural Variational Inference and Learning in Belief Networks},
 volume = {32},
 year = {2014}
}

@misc{drori2021neural,
 archiveprefix = {arXiv},
 author = {Iddo Drori and Sunny Tran and Roman Wang and Newman Cheng and Kevin Liu and Leonard Tang and Elizabeth Ke and Nikhil Singh and Taylor L. Patti and Jayson Lynch and Avi Shporer and Nakul Verma and Eugene Wu and Gilbert Strang},
 eprint = {2112.15594},
 primaryclass = {cs.LG},
 title = {A Neural Network Solves and Generates Mathematics Problems by Program Synthesis: Calculus, Differential Equations, Linear Algebra, and More},
 year = {2021}
}

@article{hoffman2013stochastic,
 author = {Hoffman, Matthew D and Blei, David M and Wang, Chong and Paisley, John},
 journal = {Journal of Machine Learning Research},
 number = {5},
 title = {Stochastic variational inference.},
 volume = {14},
 year = {2013}
}

@inproceedings{cohen2021riemannian,
 author = {Samuel Cohen and
Brandon Amos and
Yaron Lipman},
 booktitle = {ICML},
 pages = {2028--2038},
 timestamp = {Wed, 25 Aug 2021 01:00:00 +0200},
 title = {Riemannian Convex Potential Maps},
 volume = {139},
 year = {2021}
}

@inproceedings{chandak2019learning,
 author = {Yash Chandak and
Georgios Theocharous and
James Kostas and
Scott M. Jordan and
Philip S. Thomas},
 booktitle = {ICML},
 pages = {941--950},
 timestamp = {Thu, 13 Jun 2019 01:00:00 +0200},
 title = {Learning Action Representations for Reinforcement Learning},
 volume = {97},
 year = {2019}
}

@inproceedings{tennenholtz2019natural,
 author = {Guy Tennenholtz and
Shie Mannor},
 booktitle = {ICML},
 pages = {6196--6205},
 timestamp = {Tue, 11 Jun 2019 01:00:00 +0200},
 title = {The Natural Language of Actions},
 volume = {97},
 year = {2019}
}

@article{foerster2017learning,
 author = {Foerster, Jakob N and Chen, Richard Y and Al-Shedivat, Maruan and Whiteson, Shimon and Abbeel, Pieter and Mordatch, Igor},
 journal = {ArXiv preprint},
 title = {Learning with opponent-learning awareness},
 volume = {abs/1709.04326},
 year = {2017}
}

@inproceedings{bhardwaj2020differentiable,
 author = {Bhardwaj, Mohak and Boots, Byron and Mukadam, Mustafa},
 booktitle = {IEEE International Conference on Robotics and Automation (ICRA)},
 organization = {IEEE},
 pages = {10598--10604},
 title = {Differentiable gaussian process motion planning},
 year = {2020}
}

@article{nichol2018first,
 author = {Nichol, Alex and Achiam, Joshua and Schulman, John},
 journal = {ArXiv preprint},
 title = {On first-order meta-learning algorithms},
 volume = {abs/1803.02999},
 year = {2018}
}

@article{venkataraman2021neural,
 author = {Venkataraman, Shobha and Amos, Brandon},
 journal = {ArXiv preprint},
 title = {Neural Fixed-Point Acceleration for Convex Optimization},
 volume = {abs/2107.10254},
 year = {2021}
}

@article{olshausen1996emergence,
 author = {Olshausen, Bruno A and Field, David J},
 journal = {Nature},
 number = {6583},
 pages = {607--609},
 publisher = {Nature Publishing Group},
 title = {Emergence of simple-cell receptive field properties by learning a sparse code for natural images},
 volume = {381},
 year = {1996}
}

@article{chen2001atomic,
 author = {Chen, Scott Shaobing and Donoho, David L and Saunders, Michael A},
 journal = {SIAM review},
 number = {1},
 pages = {129--159},
 publisher = {SIAM},
 title = {Atomic decomposition by basis pursuit},
 volume = {43},
 year = {2001}
}

@article{donoho2003optimally,
 author = {Donoho, David L and Elad, Michael},
 journal = {Proceedings of the National Academy of Sciences},
 number = {5},
 pages = {2197--2202},
 publisher = {National Acad Sciences},
 title = {Optimally sparse representation in general (nonorthogonal) dictionaries via $\ell$1 minimization},
 volume = {100},
 year = {2003}
}

@article{daubechies2004iterative,
 author = {Daubechies, Ingrid and Defrise, Michel and De Mol, Christine},
 journal = {Communications on Pure and Applied Mathematics: A Journal Issued by the Courant Institute of Mathematical Sciences},
 number = {11},
 pages = {1413--1457},
 publisher = {Wiley Online Library},
 title = {An iterative thresholding algorithm for linear inverse problems with a sparsity constraint},
 volume = {57},
 year = {2004}
}

@article{beck2009fast,
 author = {Beck, Amir and Teboulle, Marc},
 journal = {SIAM journal on imaging sciences},
 number = {1},
 pages = {183--202},
 publisher = {SIAM},
 title = {A fast iterative shrinkage-thresholding algorithm for linear inverse problems},
 volume = {2},
 year = {2009}
}

@article{anderson1965iterative,
 author = {Anderson, Donald G},
 journal = {Journal of the ACM (JACM)},
 number = {4},
 pages = {547--560},
 publisher = {ACM New York, NY, USA},
 title = {Iterative procedures for nonlinear integral
equations},
 volume = {12},
 year = {1965}
}

@article{broyden1965class,
 author = {Broyden, Charles G},
 journal = {Mathematics of computation},
 number = {92},
 pages = {577--593},
 publisher = {JSTOR},
 title = {A class of methods for solving nonlinear
simultaneous equations},
 volume = {19},
 year = {1965}
}

@article{walker2011anderson,
 author = {Walker, Homer F and Ni, Peng},
 journal = {SIAM Journal on Numerical Analysis},
 number = {4},
 pages = {1715--1735},
 publisher = {SIAM},
 title = {Anderson acceleration for fixed-point iterations},
 volume = {49},
 year = {2011}
}

@article{zhang2020globally,
 author = {Zhang, Junzi and O'Donoghue, Brendan and Boyd,
Stephen},
 journal = {SIAM Journal on Optimization},
 number = {4},
 pages = {3170--3197},
 publisher = {SIAM},
 title = {Globally convergent type-I Anderson acceleration for
nonsmooth fixed-point iterations},
 volume = {30},
 year = {2020}
}

@inproceedings{montgomery2016guided,
 author = {William H. Montgomery and
Sergey Levine},
 booktitle = {NeurIPS},
 pages = {4008--4016},
 timestamp = {Thu, 21 Jan 2021 00:00:00 +0100},
 title = {Guided Policy Search via Approximate Mirror Descent},
 year = {2016}
}

@article{levine2016end,
 author = {Levine, Sergey and Finn, Chelsea and Darrell, Trevor and Abbeel, Pieter},
 journal = {The Journal of Machine Learning Research},
 number = {1},
 pages = {1334--1373},
 volume = {17},
 year = {2016}
}

@inproceedings{levine2014learning,
 author = {Sergey Levine and
Pieter Abbeel},
 booktitle = {NeurIPS},
 pages = {1071--1079},
 timestamp = {Thu, 21 Jan 2021 00:00:00 +0100},
 title = {Learning Neural Network Policies with Guided Policy Search under Unknown
Dynamics},
 year = {2014}
}

@article{lambert2020objective,
 author = {Lambert, Nathan and Amos, Brandon and Yadan, Omry and Calandra, Roberto},
 journal = {ArXiv preprint},
 title = {Objective mismatch in model-based reinforcement learning},
 volume = {abs/2002.04523},
 year = {2020}
}

@inproceedings{ha2016hypernetworks,
 author = {David Ha and
Andrew M. Dai and
Quoc V. Le},
 booktitle = {ICLR},
 timestamp = {Thu, 25 Jul 2019 01:00:00 +0200},
 title = {HyperNetworks},
 year = {2017}
}

@article{stanley2009hypercube,
 author = {Stanley, Kenneth O and D'Ambrosio, David B and Gauci, Jason},
 journal = {Artificial life},
 number = {2},
 pages = {185--212},
 publisher = {MIT Press One Rogers Street, Cambridge, MA 02142-1209, USA journals-info~…},
 title = {A hypercube-based encoding for evolving large-scale neural networks},
 volume = {15},
 year = {2009}
}

@article{hospedales2020meta,
 author = {Hospedales, Timothy and Antoniou, Antreas and Micaelli, Paul and Storkey, Amos},
 journal = {ArXiv preprint},
 title = {Meta-learning in neural networks: A survey},
 volume = {abs/2004.05439},
 year = {2020}
}

@article{vilalta2002perspective,
 author = {Vilalta, Ricardo and Drissi, Youssef},
 journal = {Artificial intelligence review},
 number = {2},
 pages = {77--95},
 publisher = {Springer},
 title = {A perspective view and survey of meta-learning},
 volume = {18},
 year = {2002}
}

@article{monga2021algorithm,
 author = {Monga, Vishal and Li, Yuelong and Eldar, Yonina C},
 journal = {IEEE Signal Processing Magazine},
 number = {2},
 pages = {18--44},
 publisher = {IEEE},
 title = {Algorithm unrolling: Interpretable, efficient deep learning for signal and image processing},
 volume = {38},
 year = {2021}
}

@misc{duruisseaux2022accelerated,
 archiveprefix = {arXiv},
 author = {Valentin Duruisseaux and Melvin Leok},
 eprint = {2201.02904},
 primaryclass = {math.OC},
 title = {Accelerated Optimization on Riemannian Manifolds via Projected Variational Integrators},
 year = {2022}
}

@inproceedings{cuturi2017soft,
 author = {Marco Cuturi and
Mathieu Blondel},
 booktitle = {ICML},
 pages = {894--903},
 timestamp = {Wed, 03 Apr 2019 01:00:00 +0200},
 title = {Soft-DTW: a Differentiable Loss Function for Time-Series},
 volume = {70},
 year = {2017}
}

@article{van2020q,
 author = {Van de Wiele, Tom and Warde-Farley, David and Mnih, Andriy and Mnih, Volodymyr},
 journal = {ArXiv preprint},
 title = {Q-learning in enormous action spaces via amortized approximate maximization},
 volume = {abs/2001.08116},
 year = {2020}
}

@inproceedings{wang2021bridging,
 author = {Haoxiang Wang and
Han Zhao and
Bo Li},
 booktitle = {ICML},
 pages = {10991--11002},
 timestamp = {Wed, 25 Aug 2021 01:00:00 +0200},
 title = {Bridging Multi-Task Learning and Meta-Learning: Towards Efficient
Training and Effective Adaptation},
 volume = {139},
 year = {2021}
}

@inproceedings{zhmoginov2022hypertransformer,
 author = {Andrey Zhmoginov and
Mark Sandler and
Maksym Vladymyrov},
 booktitle = {{ICML}},
 pages = {27075--27098},
 title = {HyperTransformer: Model Generation for Supervised and Semi-Supervised
Few-Shot Learning},
 volume = {162},
 year = {2022}
}

@misc{dascoli2022deep,
 archiveprefix = {arXiv},
 author = {Stéphane d'Ascoli and Pierre-Alexandre Kamienny and Guillaume Lample and François Charton},
 eprint = {2201.04600},
 primaryclass = {cs.LG},
 title = {Deep Symbolic Regression for Recurrent Sequences},
 year = {2022}
}

@article{milgrom2002envelope,
 author = {Milgrom, Paul and Segal, Ilya},
 journal = {Econometrica},
 number = {2},
 pages = {583--601},
 publisher = {Wiley Online Library},
 title = {Envelope theorems for arbitrary choice sets},
 volume = {70},
 year = {2002}
}

@inproceedings{chen2019modular,
 author = {Yutian Chen and
Abram L. Friesen and
Feryal Behbahani and
Arnaud Doucet and
David Budden and
Matthew Hoffman and
Nando de Freitas},
 booktitle = {NeurIPS},
 timestamp = {Tue, 19 Jan 2021 00:00:00 +0100},
 title = {Modular Meta-Learning with Shrinkage},
 year = {2020}
}

@inproceedings{duchi2011adaptive,
 author = {John C. Duchi and
Elad Hazan and
Yoram Singer},
 booktitle = {COLT},
 pages = {257--269},
 timestamp = {Tue, 19 Feb 2013 00:00:00 +0100},
 title = {Adaptive Subgradient Methods for Online Learning and Stochastic Optimization},
 year = {2010}
}

@inproceedings{nesterov1983method,
 author = {Nesterov, Yurii},
 booktitle = {Doklady an ussr},
 pages = {543--547},
 title = {A method for unconstrained convex minimization problem with the rate of convergence O (1/k\^{} 2)},
 volume = {269},
 year = {1983}
}

@article{zeiler2012adadelta,
 author = {Zeiler, Matthew D},
 journal = {arXiv preprint arXiv:1212.5701},
 title = {Adadelta: an adaptive learning rate method},
 year = {2012}
}

@article{caruana1997multitask,
 author = {Caruana, Rich},
 journal = {Machine learning},
 number = {1},
 pages = {41--75},
 publisher = {Springer},
 title = {Multitask learning},
 volume = {28},
 year = {1997}
}

@article{ruder2017overview,
 author = {Ruder, Sebastian},
 journal = {ArXiv preprint},
 title = {An overview of multi-task learning in deep neural networks},
 volume = {abs/1706.05098},
 year = {2017}
}

@incollection{thrun1998learning,
 author = {Thrun, Sebastian and Pratt, Lorien},
 booktitle = {Learning to learn},
 pages = {3--17},
 publisher = {Springer},
 title = {Learning to learn: Introduction and overview},
 year = {1998}
}

@incollection{baxter1998theoretical,
 author = {Baxter, Jonathan},
 booktitle = {Learning to learn},
 pages = {71--94},
 publisher = {Springer},
 title = {Theoretical models of learning to learn},
 year = {1998}
}

@phdthesis{schmidhuber1987evolutionary,
 author = {Schmidhuber, J{\"u}rgen},
 school = {Technische Universit{\"a}t M{\"u}nchen},
 title = {Evolutionary principles in self-referential learning, or on learning how to learn: the meta-meta-... hook},
 year = {1987}
}

@article{ward1937reminiscence,
 author = {Ward, Lewis B},
 journal = {Psychological Monographs},
 number = {4},
 pages = {i},
 publisher = {Psychological Review Company},
 title = {Reminiscence and rote learning.},
 volume = {49},
 year = {1937}
}

@article{harlow1949formation,
 author = {Harlow, Harry F},
 journal = {Psychological review},
 number = {1},
 pages = {51},
 publisher = {American Psychological Association},
 title = {The formation of learning sets.},
 volume = {56},
 year = {1949}
}

@article{kehoe1988layered,
 author = {Kehoe, E James},
 journal = {Psychological review},
 number = {4},
 pages = {411},
 publisher = {American Psychological Association},
 title = {A layered network model of associative learning: learning to learn and configuration.},
 volume = {95},
 year = {1988}
}

@article{lake2017building,
 author = {Lake, Brenden M and Ullman, Tomer D and Tenenbaum, Joshua B and Gershman, Samuel J},
 journal = {Behavioral and brain sciences},
 publisher = {Cambridge University Press},
 title = {Building machines that learn and think like people},
 volume = {40},
 year = {2017}
}

@inproceedings{szegedy2016rethinking,
 author = {Christian Szegedy and
Vincent Vanhoucke and
Sergey Ioffe and
Jonathon Shlens and
Zbigniew Wojna},
 booktitle = {CVPR},
 timestamp = {Sun, 25 Oct 2020 01:00:00 +0200},
 title = {Rethinking the Inception Architecture for Computer Vision},
 year = {2016}
}

@inproceedings{he2016identity,
 author = {He, Kaiming and Zhang, Xiangyu and Ren, Shaoqing and Sun, Jian},
 booktitle = {ECCV},
 organization = {Springer},
 pages = {630--645},
 title = {Identity mappings in deep residual networks},
 year = {2016}
}

@article{russakovsky2015imagenet,
 author = {Russakovsky, Olga and Deng, Jia and Su, Hao and Krause, Jonathan and Satheesh, Sanjeev and Ma, Sean and Huang, Zhiheng and Karpathy, Andrej and Khosla, Aditya and Bernstein, Michael and others},
 journal = {International journal of computer vision},
 number = {3},
 pages = {211--252},
 publisher = {Springer},
 title = {Imagenet large scale visual recognition challenge},
 volume = {115},
 year = {2015}
}

@inproceedings{lee2019meta,
 author = {Kwonjoon Lee and
Subhransu Maji and
Avinash Ravichandran and
Stefano Soatto},
 booktitle = {CVPR},
 doi = {10.1109/CVPR.2019.01091},
 pages = {10657--10665},
 publisher = {Computer Vision Foundation / {IEEE}},
 timestamp = {Mon, 20 Jan 2020 00:00:00 +0100},
 title = {Meta-Learning With Differentiable Convex Optimization},
 year = {2019}
}

@inproceedings{bertinetto2018meta,
 author = {Luca Bertinetto and
Jo{\~{a}}o F. Henriques and
Philip H. S. Torr and
Andrea Vedaldi},
 booktitle = {ICLR},
 timestamp = {Thu, 25 Jul 2019 01:00:00 +0200},
 title = {Meta-learning with differentiable closed-form solvers},
 year = {2019}
}

@inproceedings{raghu2019rapid,
 author = {Aniruddh Raghu and
Maithra Raghu and
Samy Bengio and
Oriol Vinyals},
 booktitle = {ICLR},
 timestamp = {Thu, 07 May 2020 01:00:00 +0200},
 title = {Rapid Learning or Feature Reuse? Towards Understanding the Effectiveness
of {MAML}},
 year = {2020}
}

@inproceedings{vaswani2017attention,
 author = {Ashish Vaswani and
Noam Shazeer and
Niki Parmar and
Jakob Uszkoreit and
Llion Jones and
Aidan N. Gomez and
Lukasz Kaiser and
Illia Polosukhin},
 booktitle = {NeurIPS},
 pages = {5998--6008},
 timestamp = {Thu, 21 Jan 2021 00:00:00 +0100},
 title = {Attention is All you Need},
 year = {2017}
}

@inproceedings{metz2019understanding,
 author = {Luke Metz and
Niru Maheswaranathan and
Jeremy Nixon and
C. Daniel Freeman and
Jascha Sohl{-}Dickstein},
 booktitle = {ICML},
 pages = {4556--4565},
 timestamp = {Tue, 11 Jun 2019 01:00:00 +0200},
 title = {Understanding and correcting pathologies in the training of learned
optimizers},
 volume = {97},
 year = {2019}
}

@inproceedings{merchant2021learn2hop,
 author = {Amil Merchant and
Luke Metz and
Samuel S. Schoenholz and
Ekin D. Cubuk},
 booktitle = {ICML},
 pages = {7643--7653},
 timestamp = {Wed, 25 Aug 2021 01:00:00 +0200},
 title = {Learn2Hop: Learned Optimization on Rough Landscapes},
 volume = {139},
 year = {2021}
}

@inproceedings{gurumurthy2021joint,
 author = {Swaminathan Gurumurthy and
Shaojie Bai and
Zachary Manchester and
J. Zico Kolter},
 booktitle = {NeurIPS},
 pages = {16818--16832},
 title = {Joint inference and input optimization in equilibrium networks},
 year = {2021}
}

@inproceedings{bello2017neural,
 author = {Irwan Bello and
Barret Zoph and
Vijay Vasudevan and
Quoc V. Le},
 booktitle = {ICML},
 pages = {459--468},
 timestamp = {Wed, 03 Apr 2019 01:00:00 +0200},
 title = {Neural Optimizer Search with Reinforcement Learning},
 volume = {70},
 year = {2017}
}

@article{metz2019using,
 author = {Metz, Luke and Maheswaranathan, Niru and Shlens, Jonathon and Sohl-Dickstein, Jascha and Cubuk, Ekin D},
 journal = {ArXiv preprint},
 title = {Using learned optimizers to make models robust to input noise},
 volume = {abs/1906.03367},
 year = {2019}
}

@inproceedings{wu2018understanding,
 author = {Yuhuai Wu and
Mengye Ren and
Renjie Liao and
Roger B. Grosse},
 booktitle = {ICLR},
 timestamp = {Thu, 25 Jul 2019 01:00:00 +0200},
 title = {Understanding Short-Horizon Bias in Stochastic Meta-Optimization},
 year = {2018}
}

@article{mohamed2020monte,
 author = {Mohamed, Shakir and Rosca, Mihaela and Figurnov, Michael and Mnih, Andriy},
 journal = {J. Mach. Learn. Res.},
 number = {132},
 pages = {1--62},
 title = {Monte Carlo Gradient Estimation in Machine Learning.},
 volume = {21},
 year = {2020}
}

@article{danskin1966theory,
 author = {Danskin, John M},
 journal = {SIAM Journal on Applied Mathematics},
 number = {4},
 pages = {641--664},
 publisher = {SIAM},
 title = {The theory of max-min, with applications},
 volume = {14},
 year = {1966}
}

@phdthesis{bertsekas1971control,
 author = {Bertsekas, Dimitri P},
 school = {Massachusetts Institute of Technology},
 title = {Control of uncertain systems with a set-membership description of the uncertainty.},
 year = {1971}
}

@book{dini1878analisi,
 author = {Dini, Ulisse},
 publisher = {Lithografia Gorani},
 title = {Analisi infinitesimale},
 year = {1878}
}

@book{dontchev2009implicit,
 author = {Dontchev, Asen L and Rockafellar, R Tyrrell},
 publisher = {Springer},
 title = {Implicit functions and solution mappings},
 volume = {543},
 year = {2009}
}

@article{barratt2018differentiability,
 author = {Barratt, Shane},
 journal = {ArXiv preprint},
 title = {On the differentiability of the solution to convex optimization problems},
 volume = {abs/1804.05098},
 year = {2018}
}

@inproceedings{zamzam2020learning,
 author = {Zamzam, Ahmed S and Baker, Kyri},
 booktitle = {IEEE International Conference on Communications, Control, and Computing Technologies for Smart Grids (SmartGridComm)},
 organization = {IEEE},
 pages = {1--6},
 title = {Learning optimal solutions for extremely fast AC optimal power flow},
 year = {2020}
}

@inproceedings{baker2019learning,
 author = {Baker, Kyri},
 booktitle = {2019 IEEE 29th International Workshop on Machine Learning for Signal Processing (MLSP)},
 organization = {IEEE},
 pages = {1--6},
 title = {Learning warm-start points for AC optimal power flow},
 year = {2019}
}

@inproceedings{dong2020smart,
 author = {Dong, Wenqian and Xie, Zhen and Kestor, Gokcen and Li, Dong},
 booktitle = {SC20: International Conference for High Performance Computing, Networking, Storage and Analysis},
 organization = {IEEE},
 pages = {1--15},
 title = {Smart-PGSim: using neural network to accelerate AC-OPF power grid simulation},
 year = {2020}
}

@article{misra2021learning,
 author = {Misra, Sidhant and Roald, Line and Ng, Yeesian},
 journal = {INFORMS Journal on Computing},
 publisher = {INFORMS},
 title = {Learning for constrained optimization: Identifying optimal active constraint sets},
 year = {2021}
}

@article{pan2020deepopf,
 author = {Pan, Xiang and Chen, Minghua and Zhao, Tianyu and Low, Steven H},
 journal = {ArXiv preprint},
 title = {DeepOPF: A feasibility-optimized deep neural network approach for AC optimal power flow problems},
 volume = {abs/2007.01002},
 year = {2020}
}

@book{magnus2019matrix,
 author = {Magnus, Jan R and Neudecker, Heinz},
 publisher = {John Wiley \& Sons},
 title = {Matrix differential calculus with applications in statistics and econometrics},
 year = {2019}
}

@techreport{schmidhuber1995learning,
 author = {Schmidhuber, J{\"u}rgen},
 institution = {TU Munchen},
 title = {On learning how to learn learning strategies},
 year = {1995}
}

@inproceedings{hochreiter2001learning,
 author = {Hochreiter, Sepp and Younger, A Steven and Conwell, Peter R},
 booktitle = {International Conference on Artificial Neural Networks},
 organization = {Springer},
 pages = {87--94},
 title = {Learning to learn using gradient descent},
 year = {2001}
}

@inproceedings{lv2017learning,
 author = {Kaifeng Lv and
Shunhua Jiang and
Jian Li},
 booktitle = {ICML},
 pages = {2247--2255},
 timestamp = {Tue, 12 May 2020 01:00:00 +0200},
 title = {Learning Gradient Descent: Better Generalization and Longer Horizons},
 volume = {70},
 year = {2017}
}

@inproceedings{xie2020latent,
 author = {Kevin Xie and
Homanga Bharadhwaj and
Danijar Hafner and
Animesh Garg and
Florian Shkurti},
 booktitle = {ICLR},
 timestamp = {Wed, 23 Jun 2021 01:00:00 +0200},
 title = {Latent Skill Planning for Exploration and Transfer},
 year = {2021}
}

@book{carter2001foundations,
 author = {Carter, Michael},
 publisher = {MIT press},
 title = {Foundations of mathematical economics},
 year = {2001}
}

@inproceedings{venkatakrishnan2013plug,
 author = {Venkatakrishnan, Singanallur V and Bouman, Charles A and Wohlberg, Brendt},
 booktitle = {IEEE Global Conference on Signal and Information Processing},
 organization = {IEEE},
 pages = {945--948},
 title = {Plug-and-play priors for model based reconstruction},
 year = {2013}
}

@inproceedings{meinhardt2017learning,
 author = {Tim Meinhardt and
Michael M{\"{o}}ller and
Caner Hazirbas and
Daniel Cremers},
 booktitle = {ICCV},
 pages = {1799--1808},
 title = {Learning Proximal Operators: Using Denoising Networks for Regularizing
Inverse Imaging Problems},
 year = {2017}
}

@inproceedings{rick2017one,
 author = {Jen{-}Hao Rick Chang and
Chun{-}Liang Li and
Barnab{\'{a}}s P{\'{o}}czos and
B. V. K. Vijaya Kumar},
 booktitle = {ICCV},
 timestamp = {Thu, 11 Jan 2018 00:00:00 +0100},
 title = {One Network to Solve Them All - Solving Linear Inverse Problems Using
Deep Projection Models},
 year = {2017}
}

@inproceedings{zhang2017learning,
 author = {Kai Zhang and
Wangmeng Zuo and
Shuhang Gu and
Lei Zhang},
 booktitle = {CVPR},
 title = {Learning Deep {CNN} Denoiser Prior for Image Restoration},
 year = {2017}
}

@article{chen2022large,
 author = {Chen, Steven W and Wang, Tianyu and Atanasov, Nikolay and Kumar, Vijay and Morari, Manfred},
 journal = {Automatica},
 pages = {109947},
 publisher = {Elsevier},
 title = {Large scale model predictive control with neural networks and primal active sets},
 volume = {135},
 year = {2022}
}

@inproceedings{zhang2019safe,
 author = {Zhang, Xiaojing and Bujarbaruah, Monimoy and Borrelli, Francesco},
 booktitle = {American Control Conference (ACC)},
 organization = {IEEE},
 pages = {354--359},
 title = {Safe and near-optimal policy learning for model predictive control using primal-dual neural networks},
 year = {2019}
}

@article{bertsimas2021voice,
 author = {Bertsimas, Dimitris and Stellato, Bartolomeo},
 journal = {Machine Learning},
 number = {2},
 pages = {249--277},
 publisher = {Springer},
 title = {The voice of optimization},
 volume = {110},
 year = {2021}
}

@article{weng2018metalearning,
 author = {Weng, Lilian},
 journal = {\url{http://lilianweng.github.io/lil-log}},
 title = {Meta-Learning: Learning to Learn Fast},
 year = {2018}
}

@article{huszar2019imaml,
 author = {Ferenc Husz\'ar},
 journal = {\url{http://inference.vc}},
 title = {Notes on iMAML: Meta-Learning with Implicit Gradients},
 year = {2019}
}

@inproceedings{antoniou2018train,
 author = {Antreas Antoniou and
Harrison Edwards and
Amos J. Storkey},
 booktitle = {ICLR},
 timestamp = {Thu, 25 Jul 2019 01:00:00 +0200},
 title = {How to train your {MAML}},
 year = {2019}
}

@inproceedings{goodfellow2014explaining,
 author = {Ian J. Goodfellow and
Jonathon Shlens and
Christian Szegedy},
 booktitle = {ICLR},
 timestamp = {Thu, 25 Jul 2019 01:00:00 +0200},
 title = {Explaining and Harnessing Adversarial Examples},
 year = {2015}
}

@article{grefenstette2019generalized,
 author = {Grefenstette, Edward and Amos, Brandon and Yarats, Denis and Htut, Phu Mon and Molchanov, Artem and Meier, Franziska and Kiela, Douwe and Cho, Kyunghyun and Chintala, Soumith},
 journal = {ArXiv preprint},
 title = {Generalized Inner Loop Meta-Learning},
 volume = {abs/1910.01727},
 year = {2019}
}

@inproceedings{franceschi2018bilevel,
 author = {Luca Franceschi and
Paolo Frasconi and
Saverio Salzo and
Riccardo Grazzi and
Massimiliano Pontil},
 booktitle = {ICML},
 pages = {1563--1572},
 timestamp = {Wed, 03 Apr 2019 01:00:00 +0200},
 title = {Bilevel Programming for Hyperparameter Optimization and Meta-Learning},
 volume = {80},
 year = {2018}
}

@article{arnold2020learn2learn,
 author = {Arnold, S{\'e}bastien MR and Mahajan, Praateek and Datta, Debajyoti and Bunner, Ian and Zarkias, Konstantinos Saitas},
 journal = {ArXiv preprint},
 title = {learn2learn: A library for meta-learning research},
 volume = {abs/2008.12284},
 year = {2020}
}

@article{deleu2019torchmeta,
 author = {Deleu, Tristan and W{\"u}rfl, Tobias and Samiei, Mandana and Cohen, Joseph Paul and Bengio, Yoshua},
 journal = {ArXiv preprint},
 title = {Torchmeta: A meta-learning library for pytorch},
 volume = {abs/1909.06576},
 year = {2019}
}

@inproceedings{abadi2016tensorflow,
 author = {Abadi, Mart{\'\i}n and Barham, Paul and Chen, Jianmin and Chen, Zhifeng and Davis, Andy and Dean, Jeffrey and Devin, Matthieu and Ghemawat, Sanjay and Irving, Geoffrey and Isard, Michael and others},
 booktitle = {12th {USENIX} symposium on operating systems design and implementation ({OSDI} 16)},
 pages = {265--283},
 title = {Tensorflow: A system for large-scale machine learning},
 year = {2016}
}

@inproceedings{paszke2019pytorch,
 author = {Adam Paszke and
Sam Gross and
Francisco Massa and
Adam Lerer and
James Bradbury and
Gregory Chanan and
Trevor Killeen and
Zeming Lin and
Natalia Gimelshein and
Luca Antiga and
Alban Desmaison and
Andreas K{\"{o}}pf and
Edward Yang and
Zachary DeVito and
Martin Raison and
Alykhan Tejani and
Sasank Chilamkurthy and
Benoit Steiner and
Lu Fang and
Junjie Bai and
Soumith Chintala},
 booktitle = {NeurIPS},
 pages = {8024--8035},
 timestamp = {Thu, 21 Jan 2021 00:00:00 +0100},
 title = {PyTorch: An Imperative Style, High-Performance Deep Learning Library},
 year = {2019}
}

@article{bradbury2020jax,
 author = {Bradbury, James and Frostig, Roy and Hawkins, Peter and Johnson, Matthew James and Leary, Chris and Maclaurin, Dougal and Wanderman-Milne, Skye},
 pages = {16},
 title = {JAX: composable transformations of Python+ NumPy programs, 2018},
 volume = {4},
 year = {2020}
}

@inproceedings{maclaurin2015autograd,
 author = {Maclaurin, Dougal and Duvenaud, David and Adams, Ryan P},
 booktitle = {ICML 2015 AutoML workshop},
 pages = {5},
 title = {Autograd: Effortless gradients in numpy},
 volume = {238},
 year = {2015}
}

@article{al2016theano,
 author = {Al-Rfou, Rami and Alain, Guillaume and Almahairi, Amjad and Angermueller, Christof and Bahdanau, Dzmitry and Ballas, Nicolas and Bastien, Fr{\'e}d{\'e}ric and Bayer, Justin and Belikov, Anatoly and Belopolsky, Alexander and others},
 journal = {arXiv e-prints},
 pages = {arXiv--1605},
 title = {Theano: A Python framework for fast computation of mathematical expressions},
 year = {2016}
}

@article{diamond2016cvxpy,
 author = {Diamond, Steven and Boyd, Stephen},
 journal = {The Journal of Machine Learning Research},
 number = {1},
 pages = {2909--2913},
 volume = {17},
 year = {2016}
}

@article{blondel2021efficient,
 author = {Blondel, Mathieu and Berthet, Quentin and Cuturi, Marco and Frostig, Roy
and Hoyer, Stephan and Llinares-L{\'o}pez, Felipe and Pedregosa, Fabian
and Vert, Jean-Philippe},
 journal = {ArXiv preprint},
 title = {Efficient and Modular Implicit Differentiation},
 volume = {abs/2105.15183},
 year = {2021}
}

@article{bezanson2017julia,
 author = {Bezanson, Jeff and Edelman, Alan and Karpinski, Stefan and Shah, Viral B},
 journal = {SIAM review},
 number = {1},
 pages = {65--98},
 publisher = {SIAM},
 title = {Julia: A fresh approach to numerical computing},
 volume = {59},
 year = {2017}
}

@article{DunningHuchetteLubin2017,
 author = {Iain Dunning and Joey Huchette and Miles Lubin},
 doi = {10.1137/15M1020575},
 journal = {SIAM Review},
 number = {2},
 pages = {295-320},
 title = {JuMP: A Modeling Language for Mathematical Optimization},
 volume = {59},
 year = {2017}
}

@inproceedings{amos2017input,
 author = {Brandon Amos and
Lei Xu and
J. Zico Kolter},
 booktitle = {ICML},
 pages = {146--155},
 timestamp = {Wed, 03 Apr 2019 01:00:00 +0200},
 title = {Input Convex Neural Networks},
 volume = {70},
 year = {2017}
}

@inproceedings{smola2007bundle,
 author = {Alexander J. Smola and
S. V. N. Vishwanathan and
Quoc V. Le},
 booktitle = {NeurIPS},
 pages = {1377--1384},
 publisher = {Curran Associates, Inc.},
 timestamp = {Thu, 21 Jan 2021 00:00:00 +0100},
 title = {Bundle Methods for Machine Learning},
 year = {2007}
}

@inproceedings{agrawal2019tensorflow,
 author = {Akshay Agrawal and
Akshay Naresh Modi and
Alexandre Passos and
Allen Lavoie and
Ashish Agarwal and
Asim Shankar and
Igor Ganichev and
Josh Levenberg and
Mingsheng Hong and
Rajat Monga and
Shanqing Cai},
 booktitle = {MLSys},
 timestamp = {Thu, 18 Jun 2020 15:47:05 +0200},
 title = {TensorFlow Eager: {A} multi-stage, Python-embedded {DSL} for machine
learning},
 year = {2019}
}

@inproceedings{ali2017semismooth,
 author = {Alnur Ali and
Eric Wong and
J. Zico Kolter},
 booktitle = {ICML},
 pages = {70--79},
 timestamp = {Wed, 16 Dec 2020 00:00:00 +0100},
 title = {A Semismooth Newton Method for Fast, Generic Convex Programming},
 volume = {70},
 year = {2017}
}

@inproceedings{bai2022neural,
 author = {Shaojie Bai and
Vladlen Koltun and
J. Zico Kolter},
 booktitle = {{ICLR}},
 title = {Neural Deep Equilibrium Solvers},
 year = {2022}
}

@article{guiasu1985principle,
 author = {Guiasu, Silviu and Shenitzer, Abe},
 journal = {The mathematical intelligencer},
 number = {1},
 pages = {42--48},
 publisher = {Springer-Verlag},
 title = {The principle of maximum entropy},
 volume = {7},
 year = {1985}
}

@article{pennec2006intrinsic,
 author = {Pennec, Xavier},
 journal = {Journal of Mathematical Imaging and Vision},
 number = {1},
 pages = {127--154},
 publisher = {Springer},
 title = {Intrinsic statistics on Riemannian manifolds: Basic tools for geometric measurements},
 volume = {25},
 year = {2006}
}

@incollection{habets2010stabilite,
 author = {Habets, P},
 booktitle = {Stability Problems},
 pages = {2--18},
 publisher = {Springer},
 title = {Stabilite Asyptotique Pour des Problemes de Perturbations Singulieres},
 year = {2010}
}

@inproceedings{shaban2019truncated,
 author = {Amirreza Shaban and
Ching{-}An Cheng and
Nathan Hatch and
Byron Boots},
 booktitle = {AISTATS},
 pages = {1723--1732},
 timestamp = {Fri, 07 Jun 2019 01:00:00 +0200},
 title = {Truncated Back-propagation for Bilevel Optimization},
 volume = {89},
 year = {2019}
}

@inproceedings{liao2018reviving,
 author = {Renjie Liao and
Yuwen Xiong and
Ethan Fetaya and
Lisa Zhang and
KiJung Yoon and
Xaq Pitkow and
Raquel Urtasun and
Richard S. Zemel},
 booktitle = {ICML},
 pages = {3088--3097},
 timestamp = {Wed, 03 Apr 2019 01:00:00 +0200},
 title = {Reviving and Improving Recurrent Back-Propagation},
 volume = {80},
 year = {2018}
}

@inproceedings{blondel2019structured,
 author = {Mathieu Blondel},
 booktitle = {NeurIPS},
 pages = {12145--12156},
 timestamp = {Thu, 21 Jan 2021 00:00:00 +0100},
 title = {Structured Prediction with Projection Oracles},
 year = {2019}
}

@article{blondel2020learning,
 author = {Blondel, Mathieu and Martins, Andr{\'e} FT and Niculae, Vlad},
 journal = {J. Mach. Learn. Res.},
 number = {35},
 pages = {1--69},
 title = {Learning with Fenchel-Young losses.},
 volume = {21},
 year = {2020}
}

@misc{sjolund2022graphbased,
 archiveprefix = {arXiv},
 author = {Jens Sjölund and Maria Bånkestad},
 eprint = {2202.00264},
 primaryclass = {cs.LG},
 title = {Graph-based Neural Acceleration for Nonnegative Matrix Factorization},
 year = {2022}
}

@article{banert2020data,
 author = {Banert, Sebastian and Ringh, Axel and Adler, Jonas and Karlsson, Johan and Oktem, Ozan},
 journal = {SIAM Journal on Optimization},
 number = {1},
 pages = {102--131},
 publisher = {SIAM},
 title = {Data-driven nonsmooth optimization},
 volume = {30},
 year = {2020}
}

@article{bastianello2021opreg,
 author = {Bastianello, Nicola and Simonetto, Andrea and Dall'Anese, Emiliano},
 journal = {ArXiv preprint},
 title = {OpReg-Boost: Learning to Accelerate Online Algorithms with Operator Regression},
 volume = {abs/2105.13271},
 year = {2021}
}

@inproceedings{salimans2022progressive,
 author = {Tim Salimans and
Jonathan Ho},
 booktitle = {{ICLR}},
 title = {Progressive Distillation for Fast Sampling of Diffusion Models},
 year = {2022}
}

@phdthesis{kim2020deep,
  title={Deep latent variable models of natural language},
  author={Kim, Yoon H},
  year={2020},
  school={Harvard University}
}

@phdthesis{marino2021learned,
 author = {Marino, Joseph Louis},
 school = {California Institute of Technology},
 title = {Learned Feedback \& Feedforward Perception \& Control},
 year = {2021}
}

@article{kingma2019introduction,
 author = {Kingma, Diederik P and Welling, Max and others},
 journal = {Foundations and Trends{\textregistered} in Machine Learning},
 number = {4},
 pages = {307--392},
 publisher = {Now Publishers, Inc.},
 title = {An Introduction to Variational Autoencoders},
 volume = {12},
 year = {2019}
}

@article{mumford1991computational,
 author = {Mumford, David},
 journal = {Biological cybernetics},
 number = {2},
 pages = {135--145},
 publisher = {Springer},
 title = {On the computational architecture of the neocortex},
 volume = {65},
 year = {1991}
}

@inproceedings{huang2022optimizer,
 author = {Tianshu Huang and
Tianlong Chen and
Sijia Liu and
Shiyu Chang and
Lisa Amini and
Zhangyang Wang},
 booktitle = {{ICLR}},
 title = {Optimizer Amalgamation},
 year = {2022}
}

@inproceedings{zheng2022symbolic,
 author = {Wenqing Zheng and
Tianlong Chen and
Ting{-}Kuei Hu and
Zhangyang Wang},
 booktitle = {{ICLR}},
 title = {Symbolic Learning to Optimize: Towards Interpretability and Scalability},
 year = {2022}
}

@inproceedings{real2020automl,
 author = {Esteban Real and
Chen Liang and
David R. So and
Quoc V. Le},
 booktitle = {ICML},
 pages = {8007--8019},
 timestamp = {Tue, 15 Dec 2020 00:00:00 +0100},
 title = {AutoML-Zero: Evolving Machine Learning Algorithms From Scratch},
 volume = {119},
 year = {2020}
}

@inproceedings{bengio1994use,
 author = {Bengio, Samy and Bengio, Yoshua and Cloutier, Jocelyn},
 booktitle = {First IEEE Conference on Evolutionary Computation. IEEE World Congress on Computational Intelligence},
 organization = {IEEE},
 pages = {324--327},
 title = {Use of genetic programming for the search of a new learning rule for neural networks},
 year = {1994}
}

@inproceedings{runarsson2000evolution,
 author = {Runarsson, Thomas Philip and Jonsson, Magnus Thor},
 booktitle = {2000 IEEE Symposium on Combinations of Evolutionary Computation and Neural Networks. Proceedings of the First IEEE Symposium on Combinations of Evolutionary Computation and Neural Networks (Cat. No. 00},
 organization = {IEEE},
 pages = {59--63},
 title = {Evolution and design of distributed learning rules},
 year = {2000}
}

@inproceedings{you2022bayesian,
 author = {Yuning You and
Yue Cao and
Tianlong Chen and
Zhangyang Wang and
Yang Shen},
 booktitle = {{ICLR}},
 title = {Bayesian Modeling and Uncertainty Quantification for Learning to Optimize:
What, Why, and How},
 year = {2022}
}

@inproceedings{knyazev2021parameter,
 author = {Boris Knyazev and
Michal Drozdzal and
Graham W. Taylor and
Adriana Romero{-}Soriano},
 booktitle = {NeurIPS},
 pages = {29433--29448},
 title = {Parameter Prediction for Unseen Deep Architectures},
 year = {2021}
}

@inproceedings{zhang2018graph,
 author = {Chris Zhang and
Mengye Ren and
Raquel Urtasun},
 booktitle = {ICLR},
 timestamp = {Thu, 25 Jul 2019 01:00:00 +0200},
 title = {Graph HyperNetworks for Neural Architecture Search},
 year = {2019}
}

@misc{liu2022teaching,
 archiveprefix = {arXiv},
 author = {Xinran Liu and Yuzhe Lu and Ali Abbasi and Meiyi Li and Javad Mohammadi and Soheil Kolouri},
 eprint = {2202.04104},
 primaryclass = {cs.LG},
 title = {Teaching Networks to Solve Optimization Problems},
 year = {2022}
}

@inproceedings{henaff2019model,
 author = {Mikael Henaff and
Alfredo Canziani and
Yann LeCun},
 booktitle = {ICLR},
 timestamp = {Thu, 25 Jul 2019 01:00:00 +0200},
 title = {Model-Predictive Policy Learning with Uncertainty Regularization for
Driving in Dense Traffic},
 year = {2019}
}

@misc{cover2006elements,
 author = {Cover, Thomas M and Thomas, Joy A},
 publisher = {Wiley-Interscience},
 title = {Elements of Information Theory (Wiley Series in Telecommunications and Signal Processing)},
 year = {2006}
}

@inproceedings{mena2018learning,
 author = {Gonzalo E. Mena and
David Belanger and
Scott W. Linderman and
Jasper Snoek},
 booktitle = {ICLR},
 timestamp = {Thu, 25 Jul 2019 01:00:00 +0200},
 title = {Learning Latent Permutations with Gumbel-Sinkhorn Networks},
 year = {2018}
}

@article{adams2011ranking,
 author = {Adams, Ryan Prescott and Zemel, Richard S},
 journal = {arXiv preprint arXiv:1106.1925},
 title = {Ranking via sinkhorn propagation},
 year = {2011}
}

@inproceedings{santa2017deeppermnet,
 author = {Rodrigo Santa Cruz and
Basura Fernando and
Anoop Cherian and
Stephen Gould},
 booktitle = {CVPR},
 title = {DeepPermNet: Visual Permutation Learning},
 year = {2017}
}

@inproceedings{swersky2020amortized,
 author = {Kevin Swersky and
Yulia Rubanova and
David Dohan and
Kevin Murphy},
 booktitle = {UAI},
 title = {Amortized Bayesian Optimization over Discrete Spaces},
 volume = {124},
 year = {2020}
}

@inproceedings{zaheer2017deep,
 author = {Manzil Zaheer and
Satwik Kottur and
Siamak Ravanbakhsh and
Barnab{\'{a}}s P{\'{o}}czos and
Ruslan Salakhutdinov and
Alexander J. Smola},
 booktitle = {NeurIPS},
 pages = {3391--3401},
 timestamp = {Thu, 21 Jan 2021 00:00:00 +0100},
 title = {Deep Sets},
 year = {2017}
}

@inproceedings{lee2019set,
 author = {Juho Lee and
Yoonho Lee and
Jungtaek Kim and
Adam R. Kosiorek and
Seungjin Choi and
Yee Whye Teh},
 booktitle = {ICML},
 pages = {3744--3753},
 timestamp = {Thu, 14 Jan 2021 00:00:00 +0100},
 title = {Set Transformer: {A} Framework for Attention-based Permutation-Invariant
Neural Networks},
 volume = {97},
 year = {2019}
}

@book{boyd2011distributed,
 author = {Boyd, Stephen and Parikh, Neal and Chu, Eric},
 publisher = {Now Publishers Inc},
 title = {Distributed optimization and statistical learning via the alternating direction method of multipliers},
 year = {2011}
}

@article{arridge2019solving,
 author = {Arridge, Simon and Maass, Peter and {\"O}ktem, Ozan and Sch{\"o}nlieb, Carola-Bibiane},
 journal = {Acta Numerica},
 pages = {1--174},
 publisher = {Cambridge University Press},
 title = {Solving inverse problems using data-driven models},
 volume = {28},
 year = {2019}
}

@article{banert2021accelerated,
 author = {Banert, Sebastian and Rudzusika, Jevgenija and {\"O}ktem, Ozan and Adler, Jonas},
 journal = {ArXiv preprint},
 title = {Accelerated Forward-Backward Optimization using Deep Learning},
 volume = {abs/2105.05210},
 year = {2021}
}

@misc{functorch2021,
 author = {Horace He and Richard Zou},
 title = {functorch: JAX-like composable function transforms for PyTorch},
 year = {2021}
}

@article{huang2016flexible,
 author = {Huang, Kejun and Sidiropoulos, Nicholas D and Liavas, Athanasios P},
 journal = {IEEE Transactions on Signal Processing},
 number = {19},
 pages = {5052--5065},
 publisher = {IEEE},
 title = {A flexible and efficient algorithmic framework for constrained matrix and tensor factorization},
 volume = {64},
 year = {2016}
}

@inproceedings{schwarzschild2021can,
 author = {Avi Schwarzschild and
Eitan Borgnia and
Arjun Gupta and
Furong Huang and
Uzi Vishkin and
Micah Goldblum and
Tom Goldstein},
 booktitle = {NeurIPS},
 pages = {6695--6706},
 title = {Can You Learn an Algorithm? Generalizing from Easy to Hard Problems
with Recurrent Networks},
 year = {2021}
}

@inproceedings{grazzi2020iteration,
 author = {Riccardo Grazzi and
Luca Franceschi and
Massimiliano Pontil and
Saverio Salzo},
 booktitle = {ICML},
 pages = {3748--3758},
 timestamp = {Tue, 15 Dec 2020 00:00:00 +0100},
 title = {On the Iteration Complexity of Hypergradient Computation},
 volume = {119},
 year = {2020}
}

@inproceedings{premont2022simple,
 author = {Isabeau Pr{\'{e}}mont{-}Schwarz and
Jaroslav Vitku and
Jan Feyereisl},
 booktitle = {{ICML}},
 pages = {17910--17925},
 title = {A Simple Guard for Learned Optimizers},
 volume = {162},
 year = {2022}
}

@inproceedings{maheswaranathan2021reverse,
 author = {Niru Maheswaranathan and
David Sussillo and
Luke Metz and
Ruoxi Sun and
Jascha Sohl{-}Dickstein},
 booktitle = {NeurIPS},
 pages = {19910--19922},
 title = {Reverse engineering learned optimizers reveals known and novel mechanisms},
 year = {2021}
}

@inproceedings{franceschi2017forward,
 author = {Luca Franceschi and
Michele Donini and
Paolo Frasconi and
Massimiliano Pontil},
 booktitle = {ICML},
 pages = {1165--1173},
 timestamp = {Wed, 03 Apr 2019 01:00:00 +0200},
 title = {Forward and Reverse Gradient-Based Hyperparameter Optimization},
 volume = {70},
 year = {2017}
}

@inproceedings{nhan2019threeplayer,
 author = {Nhan Dam and
Quan Hoang and
Trung Le and
Tu Dinh Nguyen and
Hung Bui and
Dinh Phung},
 booktitle = {IJCAI},
 doi = {10.24963/ijcai.2019/305},
 pages = {2202--2208},
 timestamp = {Fri, 04 Dec 2020 00:00:00 +0100},
 title = {Three-Player Wasserstein {GAN} via Amortised Duality},
 year = {2019}
}

@article{nguyen2022amortized,
 author = {Nguyen, Khai and Ho, Nhat},
 journal = {ArXiv preprint},
 title = {Amortized Projection Optimization for Sliced Wasserstein Generative Models},
 volume = {abs/2203.13417},
 year = {2022}
}

@article{adler2017learning,
 author = {Adler, Jonas and Ringh, Axel and {\"O}ktem, Ozan and Karlsson, Johan},
 journal = {ArXiv preprint},
 title = {Learning to solve inverse problems using Wasserstein loss},
 volume = {abs/1710.10898},
 year = {2017}
}

@article{peyre2019computational,
 author = {Peyr{\'e}, Gabriel and Cuturi, Marco and others},
 journal = {Foundations and Trends{\textregistered} in Machine Learning},
 number = {5-6},
 pages = {355--607},
 publisher = {Now Publishers, Inc.},
 title = {Computational optimal transport: With applications to data science},
 volume = {11},
 year = {2019}
}

@book{villani2009optimal,
 author = {Villani, C{\'e}dric},
 publisher = {Springer},
 title = {Optimal transport: old and new},
 volume = {338},
 year = {2009}
}

@article{santambrogio2015optimal,
 author = {Santambrogio, Filippo},
 journal = {Birk{\"a}user, NY},
 number = {58-63},
 pages = {94},
 publisher = {Springer},
 title = {Optimal transport for applied mathematicians},
 volume = {55},
 year = {2015}
}

@inproceedings{deshpande2019max,
 author = {Ishan Deshpande and
Yuan{-}Ting Hu and
Ruoyu Sun and
Ayis Pyrros and
Nasir Siddiqui and
Sanmi Koyejo and
Zhizhen Zhao and
David A. Forsyth and
Alexander G. Schwing},
 booktitle = {CVPR},
 title = {Max-Sliced Wasserstein Distance and Its Use for GANs},
 year = {2019}
}

@inproceedings{zintgraf2019fast,
 author = {Luisa M. Zintgraf and
Kyriacos Shiarlis and
Vitaly Kurin and
Katja Hofmann and
Shimon Whiteson},
 booktitle = {ICML},
 pages = {7693--7702},
 timestamp = {Tue, 11 Jun 2019 01:00:00 +0200},
 title = {Fast Context Adaptation via Meta-Learning},
 volume = {97},
 year = {2019}
}

@article{amos2022meta,
 author = {Amos, Brandon and Cohen, Samuel and Luise, Giulia and Redko, Ievgen},
 journal = {ArXiv preprint},
 title = {Meta Optimal Transport},
 volume = {abs/2206.05262},
 year = {2022}
}

@inproceedings{cuturi2013sinkhorn,
 author = {Marco Cuturi},
 booktitle = {NeurIPS},
 pages = {2292--2300},
 timestamp = {Thu, 21 Jan 2021 00:00:00 +0100},
 title = {Sinkhorn Distances: Lightspeed Computation of Optimal Transport},
 year = {2013}
}

@phdthesis{maclaurin2016modeling,
 author = {Maclaurin, Dougal},
 school = {Harvard University},
 title = {Modeling, inference and optimization with composable differentiable procedures},
 year = {2016}
}

@phdthesis{pearlmutter1996investigation,
 author = {Pearlmutter, Barak A},
 school = {Carnegie Mellon University},
 title = {An investigation of the gradient descent process in neural networks},
 year = {1996}
}

@inproceedings{parmas2018pipps,
 author = {Paavo Parmas and
Carl Edward Rasmussen and
Jan Peters and
Kenji Doya},
 booktitle = {ICML},
 pages = {4062--4071},
 timestamp = {Wed, 03 Apr 2019 01:00:00 +0200},
 title = {{PIPPS:} Flexible Model-Based Policy Search Robust to the Curse of
Chaos},
 volume = {80},
 year = {2018}
}

@inproceedings{pascanu2013difficulty,
 author = {Razvan Pascanu and
Tom{\'{a}}s Mikolov and
Yoshua Bengio},
 booktitle = {ICML},
 pages = {1310--1318},
 timestamp = {Mon, 28 Dec 2020 00:00:00 +0100},
 title = {On the difficulty of training recurrent neural networks},
 volume = {28},
 year = {2013}
}

@article{fleiss1993review,
 author = {Fleiss, JL},
 journal = {Statistical methods in medical research},
 number = {2},
 pages = {121--145},
 publisher = {Sage Publications Sage CA: Thousand Oaks, CA},
 title = {Review papers: The statistical basis of meta-analysis},
 volume = {2},
 year = {1993}
}

@article{bunne2022supervised,
 author = {Bunne, Charlotte and Krause, Andreas and Cuturi, Marco},
 journal = {ArXiv preprint},
 title = {Supervised training of conditional monge maps},
 volume = {abs/2206.14262},
 year = {2022}
}

@inproceedings{parmas2021unified,
 author = {Paavo Parmas and
Masashi Sugiyama},
 booktitle = {AISTATS},
 pages = {4078--4086},
 timestamp = {Wed, 14 Apr 2021 01:00:00 +0200},
 title = {A unified view of likelihood ratio and reparameterization gradients},
 volume = {130},
 year = {2021}
}

@article{konda1999actor,
 author = {Konda, Vijay and Tsitsiklis, John},
 journal = {NeurIPS},
 title = {Actor-critic algorithms},
 volume = {12},
 year = {1999}
}

@incollection{baird1995residual,
 author = {Baird, Leemon},
 booktitle = {Machine Learning Proceedings 1995},
 pages = {30--37},
 publisher = {Elsevier},
 title = {Residual algorithms: Reinforcement learning with function approximation},
 year = {1995}
}

@inproceedings{maillard2010finite,
 author = {Maillard, Odalric-Ambrym and Munos, R{\'e}mi and Lazaric, Alessandro and Ghavamzadeh, Mohammad},
 booktitle = {2nd Asian Conference on Machine Learning},
 organization = {JMLR Workshop and Conference Proceedings},
 pages = {299--314},
 title = {Finite-sample analysis of Bellman residual minimization},
 year = {2010}
}

@inproceedings{geist2017bellman,
 author = {Matthieu Geist and
Bilal Piot and
Olivier Pietquin},
 booktitle = {NeurIPS},
 pages = {3205--3214},
 timestamp = {Thu, 21 Jan 2021 00:00:00 +0100},
 title = {Is the Bellman residual a bad proxy?},
 year = {2017}
}

@inproceedings{scherrer2010should,
 author = {Bruno Scherrer},
 booktitle = {ICML},
 pages = {959--966},
 timestamp = {Wed, 03 Apr 2019 01:00:00 +0200},
 title = {Should one compute the Temporal Difference fix point or minimize the
Bellman Residual? The unified oblique projection view},
 year = {2010}
}

@article{bellman1966dynamic,
 author = {Bellman, Richard},
 journal = {Science},
 number = {3731},
 pages = {34--37},
 publisher = {American Association for the Advancement of Science},
 title = {Dynamic programming},
 volume = {153},
 year = {1966}
}

@inproceedings{fujimoto2022should,
 author = {Scott Fujimoto and
David Meger and
Doina Precup and
Ofir Nachum and
Shixiang Shane Gu},
 booktitle = {{ICML}},
 pages = {6918--6943},
 title = {Why Should {I} Trust You, Bellman? The Bellman Error is a Poor Replacement
for Value Error},
 volume = {162},
 year = {2022}
}

@article{ernst2005tree,
 author = {Ernst, Damien and Geurts, Pierre and Wehenkel, Louis},
 journal = {Journal of Machine Learning Research},
 publisher = {Microtome Publishing, Brookline, United States-Massachusetts},
 title = {Tree-based batch mode reinforcement learning},
 volume = {6},
 year = {2005}
}

@inproceedings{le2019batch,
 author = {Hoang Minh Le and
Cameron Voloshin and
Yisong Yue},
 booktitle = {ICML},
 pages = {3703--3712},
 timestamp = {Tue, 11 Jun 2019 01:00:00 +0200},
 title = {Batch Policy Learning under Constraints},
 volume = {97},
 year = {2019}
}

@article{burgess2018understanding,
 author = {Burgess, Christopher P and Higgins, Irina and Pal, Arka and Matthey, Loic and Watters, Nick and Desjardins, Guillaume and Lerchner, Alexander},
 journal = {ArXiv preprint},
 title = {Understanding disentangling in $\beta$-VAE},
 volume = {abs/1804.03599},
 year = {2018}
}

@inproceedings{dupont2018learning,
 author = {Emilien Dupont},
 bibsource = {dblp computer science bibliography, https://dblp.org},
 booktitle = {NeurIPS},
 pages = {708--718},
 timestamp = {Thu, 21 Jan 2021 00:00:00 +0100},
 title = {Learning Disentangled Joint Continuous and Discrete Representations},
 year = {2018}
}

@article{lecun1998mnist,
 author = {LeCun, Yann},
 journal = {http://yann. lecun. com/exdb/mnist/},
 title = {The MNIST database of handwritten digits},
 year = {1998}
}

@article{metz2022velo,
 author = {Metz, Luke and Harrison, James and Freeman, C Daniel and Merchant, Amil and Beyer, Lucas and Bradbury, James and Agrawal, Naman and Poole, Ben and Mordatch, Igor and Roberts, Adam and others},
 journal = {ArXiv preprint},
 title = {VeLO: Training Versatile Learned Optimizers by Scaling Up},
 volume = {abs/2211.09760},
 year = {2022}
}

@inproceedings{marino2018general,
 author = {Joseph Marino and
Milan Cvitkovic and
Yisong Yue},
 bibsource = {dblp computer science bibliography, https://dblp.org},
 booktitle = {NeurIPS},
 pages = {7868--7879},
 timestamp = {Thu, 21 Jan 2021 00:00:00 +0100},
 title = {A General Method for Amortizing Variational Filtering},
 year = {2018}
}

@article{pearlmutter1994fast,
 author = {Pearlmutter, Barak A},
 journal = {Neural computation},
 number = {1},
 pages = {147--160},
 publisher = {MIT Press},
 title = {Fast exact multiplication by the Hessian},
 volume = {6},
 year = {1994}
}

@article{chen2016training,
 author = {Chen, Tianqi and Xu, Bing and Zhang, Chiyuan and Guestrin, Carlos},
 journal = {ArXiv preprint},
 title = {Training deep nets with sublinear memory cost},
 volume = {abs/1604.06174},
 year = {2016}
}

@inproceedings{gruslys2016memory,
 author = {Audrunas Gruslys and
R{\'{e}}mi Munos and
Ivo Danihelka and
Marc Lanctot and
Alex Graves},
 bibsource = {dblp computer science bibliography, https://dblp.org},
 booktitle = {NeurIPS},
 pages = {4125--4133},
 timestamp = {Thu, 21 Jan 2021 00:00:00 +0100},
 title = {Memory-Efficient Backpropagation Through Time},
 year = {2016}
}

@inproceedings{ronneberger2015u,
 author = {Ronneberger, Olaf and Fischer, Philipp and Brox, Thomas},
 booktitle = {International Conference on Medical image computing and computer-assisted intervention},
 organization = {Springer},
 pages = {234--241},
 title = {U-net: Convolutional networks for biomedical image segmentation},
 year = {2015}
}

@inproceedings{yu2015multi,
 author = {Fisher Yu and
Vladlen Koltun},
 bibsource = {dblp computer science bibliography, https://dblp.org},
 booktitle = {ICLR},
 timestamp = {Thu, 25 Jul 2019 01:00:00 +0200},
 title = {Multi-Scale Context Aggregation by Dilated Convolutions},
 year = {2016}
}

@inproceedings{long2015fully,
 author = {Jonathan Long and
Evan Shelhamer and
Trevor Darrell},
 bibsource = {dblp computer science bibliography, https://dblp.org},
 booktitle = {CVPR},
 title = {Fully convolutional networks for semantic segmentation},
 year = {2015}
}

@article{li2021physics,
 author = {Li, Zongyi and Zheng, Hongkai and Kovachki, Nikola and Jin, David and Chen, Haoxuan and Liu, Burigede and Azizzadenesheli, Kamyar and Anandkumar, Anima},
 journal = {ArXiv preprint},
 title = {Physics-informed neural operator for learning partial differential equations},
 volume = {abs/2111.03794},
 year = {2021}
}

@inproceedings{sonderby2016ladder,
 author = {Casper Kaae S{\o}nderby and
Tapani Raiko and
Lars Maal{\o}e and
S{\o}ren Kaae S{\o}nderby and
Ole Winther},
 bibsource = {dblp computer science bibliography, https://dblp.org},
 booktitle = {NeurIPS},
 pages = {3738--3746},
 timestamp = {Thu, 21 Jan 2021 00:00:00 +0100},
 title = {Ladder Variational Autoencoders},
 year = {2016}
}

@inproceedings{chung2015recurrent,
 author = {Junyoung Chung and
Kyle Kastner and
Laurent Dinh and
Kratarth Goel and
Aaron C. Courville and
Yoshua Bengio},
 bibsource = {dblp computer science bibliography, https://dblp.org},
 booktitle = {NeurIPS},
 pages = {2980--2988},
 timestamp = {Thu, 21 Jan 2021 00:00:00 +0100},
 title = {A Recurrent Latent Variable Model for Sequential Data},
 year = {2015}
}

@book{camacho2013model,
 author = {Camacho, Eduardo F and Alba, Carlos Bordons},
 publisher = {Springer science \& business media},
 title = {Model predictive control},
 year = {2013}
}

@article{osa2018algorithmic,
 author = {Osa, Takayuki and Pajarinen, Joni and Neumann, Gerhard and Bagnell, J Andrew and Abbeel, Pieter and Peters, Jan and others},
 journal = {Foundations and Trends{\textregistered} in Robotics},
 number = {1-2},
 pages = {1--179},
 publisher = {Now Publishers, Inc.},
 title = {An algorithmic perspective on imitation learning},
 volume = {7},
 year = {2018}
}

@article{williams1992simple,
 author = {Williams, Ronald J},
 journal = {Reinforcement learning},
 pages = {5--32},
 publisher = {Springer},
 title = {Simple statistical gradient-following algorithms for connectionist reinforcement learning},
 year = {1992}
}

@article{rezende2018taming,
 author = {Rezende, Danilo Jimenez and Viola, Fabio},
 journal = {ArXiv preprint},
 title = {Taming vaes},
 volume = {abs/1810.00597},
 year = {2018}
}

@inproceedings{silver2022learning,
 author = {David Silver and
Anirudh Goyal and
Ivo Danihelka and
Matteo Hessel and
Hado van Hasselt},
 booktitle = {{ICLR}},
 title = {Learning by Directional Gradient Descent},
 year = {2022}
}

@article{williams1989learning,
 author = {Williams, Ronald J and Zipser, David},
 journal = {Neural computation},
 number = {2},
 pages = {270--280},
 publisher = {MIT Press One Rogers Street, Cambridge, MA 02142-1209, USA journals-info~…},
 title = {A learning algorithm for continually running fully recurrent neural networks},
 volume = {1},
 year = {1989}
}

@inproceedings{tallec2017unbiased,
 author = {Corentin Tallec and
Yann Ollivier},
 bibsource = {dblp computer science bibliography, https://dblp.org},
 booktitle = {ICLR},
 timestamp = {Thu, 25 Jul 2019 01:00:00 +0200},
 title = {Unbiased Online Recurrent Optimization},
 year = {2018}
}

@inproceedings{arjovsky2017wasserstein,
 author = {Mart{\'{\i}}n Arjovsky and
Soumith Chintala and
L{\'{e}}on Bottou},
 bibsource = {dblp computer science bibliography, https://dblp.org},
 booktitle = {ICML},
 pages = {214--223},
 timestamp = {Wed, 03 Apr 2019 01:00:00 +0200},
 title = {Wasserstein Generative Adversarial Networks},
 volume = {70},
 year = {2017}
}

@article{bae2022amortized,
 author = {Bae, Juhan and Vicol, Paul and HaoChen, Jeff Z and Grosse, Roger},
 journal = {ArXiv preprint},
 title = {Amortized proximal optimization},
 volume = {abs/2203.00089},
 year = {2022}
}

@article{harrison2022closer,
 author = {Harrison, James and Metz, Luke and Sohl-Dickstein, Jascha},
 journal = {ArXiv preprint},
 title = {A Closer Look at Learned Optimization: Stability, Robustness, and Inductive Biases},
 volume = {abs/2209.11208},
 year = {2022}
}

@book{bertsekas2015convex,
 author = {Bertsekas, Dimitri},
 publisher = {Athena Scientific},
 title = {Convex optimization algorithms},
 year = {2015}
}

@article{bubeck2015convex,
 author = {Bubeck, S{\'e}bastien and others},
 journal = {Foundations and Trends{\textregistered} in Machine Learning},
 number = {3-4},
 pages = {231--357},
 publisher = {Now Publishers, Inc.},
 title = {Convex optimization: Algorithms and complexity},
 volume = {8},
 year = {2015}
}

@book{nesterov2018lectures,
 author = {Nesterov, Yurii and others},
 publisher = {Springer},
 title = {Lectures on convex optimization},
 volume = {137},
 year = {2018}
}

@book{murphy2012machine,
 author = {Murphy, Kevin P},
 publisher = {MIT press},
 title = {Machine learning: a probabilistic perspective},
 year = {2012}
}

@book{deisenroth2020mathematics,
 author = {Deisenroth, Marc Peter and Faisal, A Aldo and Ong, Cheng Soon},
 publisher = {Cambridge University Press},
 title = {Mathematics for machine learning},
 year = {2020}
}

@inproceedings{goodfellow2016deep,
 author = {Ruslan Salakhutdinov},
 bibsource = {dblp computer science bibliography, https://dblp.org},
 booktitle = {KDD},
 doi = {10.1145/2623330.2630809},
 pages = {1973},
 publisher = {{ACM}},
 timestamp = {Tue, 06 Nov 2018 00:00:00 +0100},
 title = {Deep learning},
 year = {2014}
}

@inproceedings{garnelo2018conditional,
 author = {Marta Garnelo and
Dan Rosenbaum and
Christopher Maddison and
Tiago Ramalho and
David Saxton and
Murray Shanahan and
Yee Whye Teh and
Danilo Jimenez Rezende and
S. M. Ali Eslami},
 bibsource = {dblp computer science bibliography, https://dblp.org},
 booktitle = {ICML},
 pages = {1690--1699},
 timestamp = {Wed, 03 Apr 2019 01:00:00 +0200},
 title = {Conditional Neural Processes},
 volume = {80},
 year = {2018}
}

@inproceedings{amos2023amortizing,
 author = {Brandon Amos},
 booktitle = {The ICLR},
 title = {On amortizing convex conjugates for optimal transport},
 year = {2023}
}

@inproceedings{garcia2023fishleg,
 author = {Garcia, Jezabel R and Freddi, Federica and Fotiadis, Stathi and Li, Maolin and Vakili, Sattar and Bernacchia, Alberto and Hennequin, Guillaume},
 booktitle = {ICLR},
 year = {2023},
 title = {Fisher-Legendre (FishLeg) optimization of deep neural networks}
}

@article{fan2021scalable,
 author = {Fan, Jiaojiao and Liu, Shu and Ma, Shaojun and Chen, Yongxin and Zhou, Haomin},
 journal = {ArXiv preprint},
 title = {Scalable computation of monge maps with general costs},
 volume = {abs/2106.03812},
 year = {2021}
}

@article{asadulaev2022neural,
 author = {Asadulaev, Arip and Korotin, Alexander and Egiazarian, Vage and Burnaev, Evgeny},
 journal = {ArXiv preprint},
 title = {Neural Optimal Transport with General Cost Functionals},
 volume = {abs/2205.15403},
 year = {2022}
}

@inproceedings{makkuva2020optimal,
 author = {Ashok Vardhan Makkuva and
Amirhossein Taghvaei and
Sewoong Oh and
Jason D. Lee},
 bibsource = {dblp computer science bibliography, https://dblp.org},
 booktitle = {ICML},
 pages = {6672--6681},
 timestamp = {Tue, 15 Dec 2020 00:00:00 +0100},
 title = {Optimal transport mapping via input convex neural networks},
 volume = {119},
 year = {2020}
}

@article{taghvaei2019wasserstein,
 author = {Taghvaei, Amirhossein and Jalali, Amin},
 journal = {ArXiv preprint},
 title = {2-wasserstein approximation via restricted convex potentials with application to improved training for gans},
 volume = {abs/1902.07197},
 year = {2019}
}

@inproceedings{korotin2019wasserstein,
 author = {Alexander Korotin and
Vage Egiazarian and
Arip Asadulaev and
Alexander Safin and
Evgeny Burnaev},
 bibsource = {dblp computer science bibliography, https://dblp.org},
 booktitle = {ICLR},
 timestamp = {Wed, 23 Jun 2021 01:00:00 +0200},
 title = {Wasserstein-2 Generative Networks},
 year = {2021}
}

@article{sjolund2023tutorial,
 author = {Sj{\"o}lund, Jens},
 journal = {ArXiv preprint},
 title = {A Tutorial on Parametric Variational Inference},
 volume = {abs/2301.01236},
 year = {2023}
}

@inproceedings{sacks2022learning,
 author = {Sacks, Jacob and Boots, Byron},
 booktitle = {ICRA},
 organization = {IEEE},
 pages = {10549--10556},
 title = {Learning to Optimize in Model Predictive Control},
 year = {2022}
}

@inproceedings{khodak2022learning,
title={Learning Predictions for Algorithms with Predictions},
author={Mikhail Khodak and Nina Balcan and Ameet Talwalkar and Sergei Vassilvitskii},
booktitle={NeurIPS},
year={2022},
}

@inproceedings{dinitz2021faster,
 author = {Michael Dinitz and
Sungjin Im and
Thomas Lavastida and
Benjamin Moseley and
Sergei Vassilvitskii},
 booktitle = {NeurIPS},
 pages = {10393--10406},
 title = {Faster Matchings via Learned Duals},
 year = {2021}
}

@inproceedings{chen2022faster,
 author = {Justin Y. Chen and
Sandeep Silwal and
Ali Vakilian and
Fred Zhang},
 booktitle = {{ICML}},
 pages = {3583--3602},
 title = {Faster Fundamental Graph Algorithms via Learned Predictions},
 volume = {162},
 year = {2022}
}

@inproceedings{sakaue2022discrete,
title={Discrete-Convex-Analysis-Based Framework for Warm-Starting Algorithms with Predictions},
author={Shinsaku Sakaue and Taihei Oki},
booktitle={NeurIPS},
year={2022},
}

@article{thornton2022rethinking,
 author = {Thornton, James and Cuturi, Marco},
 journal = {ArXiv preprint},
 title = {Rethinking Initialization of the Sinkhorn Algorithm},
 volume = {abs/2206.07630},
 year = {2022}
}


@article{zammit2024neural,
  title={Neural methods for amortized inference},
  author={Zammit-Mangion, Andrew and Sainsbury-Dale, Matthew and Huser, Rapha{\"e}l},
  journal={Annual Review of Statistics and Its Application},
  volume={12},
  year={2024},
  publisher={Annual Reviews}
}

@article{sucker2024generalization,
  title={A Generalization Result for Convergence in Learning-to-Optimize},
  author={Sucker, Michael and Ochs, Peter},
  journal={arXiv preprint arXiv:2410.07704},
  year={2024}
}


@misc{sambharya2023l2ws,
      title={Learning to Warm-Start Fixed-Point Optimization Algorithms},
      author={Rajiv Sambharya and Georgina Hall and Brandon Amos and Bartolomeo Stellato},
      year={2023},
      eprint={2309.07835},
      archivePrefix={arXiv},
      primaryClass={math.OC},
      url={https://arxiv.org/abs/2309.07835},
}


@misc{sambharya2022l2ws,
      title={End-to-End Learning to Warm-Start for Real-Time Quadratic Optimization},
      author={Rajiv Sambharya and Georgina Hall and Brandon Amos and Bartolomeo Stellato},
      year={2022},
      eprint={2212.08260},
      archivePrefix={arXiv},
      primaryClass={math.OC},
      url={https://arxiv.org/abs/2212.08260},
}

@article{fahy2024greedy,
  title={Greedy Learning to Optimize with Convergence Guarantees},
  author={Fahy, Patrick and Golbabaee, Mohammad and Ehrhardt, Matthias J},
  journal={arXiv preprint arXiv:2406.00260},
  year={2024}
}

@misc{vanhentenryck2025optimizationlearning,
      title={Optimization Learning},
      author={Pascal Van Hentenryck},
      year={2025},
      eprint={2501.03443},
      archivePrefix={arXiv},
      primaryClass={math.OC},
      url={https://arxiv.org/abs/2501.03443},
}

@misc{klamkin2025dualinteriorpointoptimization,
      title={Dual Interior Point Optimization Learning},
      author={Michael Klamkin and Mathieu Tanneau and Pascal Van Hentenryck},
      year={2025},
      eprint={2402.02596},
      archivePrefix={arXiv},
      primaryClass={cs.LG},
      url={https://arxiv.org/abs/2402.02596},
}

@misc{sharifnassab2024metaoptimize,
      title={MetaOptimize: A Framework for Optimizing Step Sizes and Other Meta-parameters},
      author={Arsalan Sharifnassab and Saber Salehkaleybar and Richard Sutton},
      year={2024},
      eprint={2402.02342},
      archivePrefix={arXiv},
      primaryClass={cs.LG},
      url={https://arxiv.org/abs/2402.02342},
}